2936 4996
578 432 800 506 EPISTOLA
1160 447 1234 524 741

146 623 236 685 quem
248 602 328 682 atxt,
348 626 460 669 morem
470 607 904 673 mmamuntaominatamen
916 609 1085 690 smomn,
1106 615 1237 696 autqui-

145 708 280 771 cunque,
312 698 347 751 ut
368 693 519 775 principio
540 695 617 772 dixi,
644 695 675 755 in
696 694 801 755 Latina
821 694 940 757 civiteta
958 695 1077 774 vixere,
1104 699 1236 776 vulgaria
1252 711 1280 770 ο
1295 715 1330 772 81

145 789 235 851 ueaa,
255 794 347 856 panea
365 796 452 856 quem
472 778 522 859 jae
543 789 587 841 eet
606 778 766 859 loquendi,
787 779 964 859 plerumque
978 782 1179 845 immutaverit
1198 785 1239 845 ad

143 857 278 920 Latinam
290 861 541 927 eoueuetudinem.
583 862 656 924 lade
677 873 723 923 eat
738 863 819 942 apud
834 864 1024 944 Ciceronem,
1043 864 1163 927 Phanio
1175 867 1238 948 tp.

143 942 188 1023 pii
203 942 338 1004 libertae.
380 946 503 1008 Pruetra
521 947 598 1008 enim
616 949 807 1026 graeciaearet
825 947 977 1025 dominum
998 969 1066 1010 ouen
1089 950 1127 1010 ab
1142 954 1236 1013 omni-

142 1025 200 1087 aaa
222 1027 372 1090 contervia
392 1043 422 1092 et
436 1032 516 1093 notia
538 1034 602 1092 aine
616 1032 729 1104 etitere
751 1029 866 1094 Phanio
882 1033 909 1093 ia
928 1034 1098 1095 vocabatur.
1143 1037 1201 1097 Sed
1217 1060 1236 1099 e

140 1110 240 1172 Plinio
257 1123 440 1175 memoratur
461 1113 588 1177 Pioniae
603 1114 758 1197 physicae.-
778 1136 885 1198 nempe
904 1117 930 1178 ia
945 1117 977 1178 in
998 1118 1123 1180 Graecia
1140 1118 1236 1182 vitam

139 1206 258 1274 egerat,
279 1198 394 1259 nattum
417 1196 564 1259 habuerat
579 1199 689 1261 Itomae
707 1199 860 1260 dominum
880 1211 933 1262 aut
951 1212 1119 1282 patronam.
1161 1202 1237 1265 Inda

138 1279 217 1340 iilud
231 1280 359 1358 Horatii,
387 1280 495 1344 cretae
509 1280 638 1345 sedam
656 1281 780 1365 Apelle,
801 1285 834 1345 it
852 1295 906 1364 eet,
927 1286 1179 1366 qetivieladaeua:
1200 1297 1237 1349 ut

138 1364 240 1426 locum
261 1366 417 1446 oxplanem
437 1388 544 1449 parum
561 1366 620 1428 leae
638 1368 781 1428 memoria
799 1370 992 1435 intellectam.
1033 1371 1135 1431 iudaei
1149 1370 1237 1433 laabi-

139 1448 243 1509 tabent
257 1459 339 1510 trane
360 1452 507 1529 tiberim,
527 1461 559 1513 et
578 1452 672 1513 multo
689 1453 846 1514 maximam
860 1464 977 1536 partem
998 1465 1082 1518 erant
1094 1456 1236 1530 libertini,

138 1543 176 1593 nt
198 1535 312 1596 t'atetur
333 1533 418 1596 Philo
438 1538 469 1597 in
481 1537 638 1615 Legatione
657 1536 696 1597 ad
715 1537 827 1599 Caium.
867 1538 976 1619 Apella
994 1550 1092 1602 autem
1108 1539 1238 1601 Liberti·

137 1637 249 1679 noram
264 1629 309 1680 eat
321 1640 437 1695 nomen,
457 1621 526 1682 aetia
540 1622 676 1701 irequene
689 1622 720 1681 in
734 1621 981 1703 Inaeriptiouibua
993 1624 1129 1686 vetaatia.
1172 1625 1235 1687 cic.

137 1704 198 1783 Ep·
220 1704 271 1771 26.
293 1703 344 1765 tib.
365 1710 395 1771 7.
416 1703 463 1765 Ne
485 1702 615 1786 Apellae
633 1702 748 1788 quidem
769 1703 873 1767 liberto
892 1722 942 1769 tuo
964 1704 1087 1773 aiiaeeeia.
1128 1707 1236 1788 Itaque

140 1783 250 1850 Credat
263 1784 392 1848 satam
404 1786 533 1871 Apella,
554 1790 639 1869 quaai
655 1798 687 1849 tu
701 1788 800 1865 dicae,
822 1789 932 1852 Credat
941 1792 1165 1871 auperatitioeua
1178 1793 1235 1853 ati-

139 1872 208 1952 quia
219 1870 348 1933 iudaeae
360 1872 608 1935 Tranatiberinua.
640 1874 713 1934 Inde
726 1873 803 1935 illud
814 1874 950 1953 aiterum,
973 1874 1130 1938 obeundae
1144 1876 1237 1939 Mar·

137 1977 211 2039 aya:
232 1976 292 2035 quo
306 1957 396 2019 modo
410 1958 496 2019 otiam
511 1957 676 2038 loquuntur
689 1958 827 2036 Ovidius,
849 1960 949 2037 Silina,
969 1960 1115 2022 Lucanae.
1153 1959 1235 2022 Mar.

138 2060 193 2120 aya
212 2041 327 2103 acilicet
340 2042 372 2102 in
384 2042 463 2104 Poro
482 2042 648 2104 collocatua
665 2051 696 2104 at
709 2042 837 2103 donatae
855 2045 940 2123 queai
960 2044 1081 2106 civitate
1102 2046 1235 2105 Romane

136 2143 200 2184 non
213 2125 313 2205 potuit
326 2147 386 2187 non
400 2130 432 2187 in
446 2148 499 2188 ore
514 2128 597 2207 vulgi
621 2125 754 2207 qnotidie
767 2127 897 2203 vereari3
918 2136 948 2188 et
959 2138 1113 2210 praeterea
1128 2148 1164 2188 eo
1177 2149 1236 2188 no-

136 2211 218 2270 mine
238 2209 360 2271 suerunt
379 2212 460 2272 nervi
475 2210 616 2290 Plumea.
657 2211 692 2269 tn
713 2211 809 2271 veteri
824 2230 987 2288 marmore,
1008 2211 1048 2272 Μ.
1069 2211 1235 2275 HELVIUS

136 2293 180 2357 H.
208 2294 242 2354 L.
268 2295 437 2359 MARSYA.
488 2295 578 2375 vulgi
596 2304 696 2355 autem
714 2295 902 2356 autoritatem
923 2294 1052 2356 libenter
1068 2295 1120 2357 hic
1141 2295 1236 2357 aoouti

137 2387 210 2439 aunt
226 2388 348 2460 poetae5
369 2401 436 2443 eum
456 2380 620 2440 recundum
634 2380 779 2438 Graecam
799 2378 1077 2457 pronunciationem
1093 2384 1236 2459 Marma

136 2461 169 2523 in
181 2463 353 2525 hexametro
368 2485 427 2524 non
441 2473 543 2525 staret.
572 2464 623 2523 sic
640 2460 756 2524 Caeeiue
771 2458 897 2523 cenem
908 2463 1046 2524 tribuum
1061 2464 1166 2544 plebia,
1180 2483 1236 2524 no-

136 2546 269 2609 tiaaimue
287 2547 326 2607 ob
347 2549 411 2608 caii
425 2548 559 2608 &erario
575 2547 709 2607 eaedem:
731 2546 808 2606 alter
825 2547 905 2626 apud
921 2547 1048 2607 Plinium
1061 2547 1235 2625 atatuariua,

137 2633 191 2711 qui
212 2651 363 2712 nunqnam
383 2632 475 2693 credo
495 2631 608 2692 ltaliam
631 2630 763 2704 videram
789 2638 819 2689 et
839 2631 922 2711 apud
941 2631 1107 2693 Varronem
1125 2631 1234 2693 tertiae

135 2715 340 2794 Athenienaia,
362 2719 414 2797 qni
435 2717 473 2777 ‹le
490 2718 534 2776 lte
552 2716 675 2776 Raetica
692 2713 827 2795 arripnit,
850 2711 1002 2777 Chaereae.
1042 2717 1088 2778 lta
1104 2715 1235 2792 Pei-aiae,

137 2801 332 2881 (priuaquam
345 2803 494 2863 cornutae
509 2801 627 2863 Stoicae
642 2820 763 2860 veroum
776 2800 983 2860 immutaverat
995 2811 1079 2861 metu
1090 2799 1234 2875 Neronia)

136 2884 305 2950 Auriculoe
324 2888 402 2947 mini
421 2883 515 2949 Mida
537 2907 593 2946 rex
614 2882 720 2964 beneq·
741 2883 829 2943 etad
848 2882 881 2943 id
902 2885 1071 2966 exemptum
1086 2884 1235 2945 lustinum

136 2971 251 3032 uuliaeu
265 2971 352 3032 aliam
367 2970 405 3030 ob
420 2990 553 3046 caueam,
577 2979 785 3051 praeterquam
799 2966 880 3046 quod
895 2967 930 3026 id
940 2989 1048 3028 nomen
1061 2970 1235 3048 frequentet

136 3055 295 3135 mancipiie
308 3059 354 3117 ‘eet
367 3055 511 3127 inditum,
534 3053 708 3134 praeaartiau
718 3073 756 3112 ex
772 3050 902 3131 Phrygia
914 3052 1034 3132 emptio.
1075 3052 1235 3113 Terentina

136 3139 336 3203 Plaormionet
369 3144 443 3203 Puer
455 3136 496 3199 od
517 3162 562 3197 me
575 3137 704 3198 occurrit
717 3133 820 3198 Mida.
865 3135 957 3197 Vctua
972 3136 1048 3216 iapie
1063 3136 1145 3217 apuel
1156 3139 1233 3218 Spo-

134 3227 221 3286 nium
232 3245 266 3305 p.
281 3228 353 3293 289.
373 3224 468 3285 Mtnt
490 3220 772 3282 cuutcuttutun‘.
813 3219 935 3300 Nequeo
948 3228 1048 3281 tamen
1060 3222 1235 3301 conjecture

135 3309 292 3388 augurari,
313 3330 370 3370 car
389 3309 441 3389 qui
459 3307 569 3388 Nepoti
583 3302 757 3381 Perdiccae,
778 3305 880 3364 Curtio
895 3312 926 3364 et
941 3304 1056 3364 Juatino
1067 3314 1098 3364 et
1109 3304 1234 3385 quibua-

134 3394 205 3456 dam
220 3392 287 3454 aliia
303 3390 444 3455 Perdicca
457 3392 634 3453 nominetur.
677 3388 832 3470 Siquidem
848 3388 929 3470 apud
942 3398 1104 3469 utrumque
1116 3399 1235 3450 caetere

134 3478 234 3542 omnia
253 3479 367 3538 Graeco
387 3497 470 3540 more
492 3478 703 3555 proiciuntur,
731 3474 899 3553 Amyntae,
925 3470 1064 3554 Bagoae,
1088 3470 1232 3542 Philotae,

136 3559 291 3645 ophellae,
311 3558 418 3632 Iollae,
443 3559 581 3638 Gaique,
602 3556 728 3620 Alcetas
738 3558 1015 3621 frater-Perdiccae.
1047 3557 1155 3618 Nuilue
1169 3577 1233 3616 me-
1249 3551 1275 3607 0
1292 3554 1328 3611 Ω

133 3647 210 3710 mini
230 3647 390 3707 Perdiccae
406 3647 485 3707 inter
505 3644 649 3705 italorum
668 3662 772 3703 aereae
794 3652 846 3700 aut
862 3640 1000 3703 libertae:
1031 3660 1130 3720 nequa
1149 3643 1233 3719 quio-

134 3752 228 3813 quam
246 3730 329 3792 aliud
351 3750 457 3791 canam
470 3731 604 3789 invenire
624 3746 756 3808 poenam.
797 3727 873 3786 Nam
896 3735 1090 3805 cognomenta
1106 3725 1234 3784 Liberti·

133 3836 243 3879 noaum
265 3823 317 3889 (ea
333 3815 404 3897 ipaie
424 3814 543 3875 uomina
562 3816 700 3888 taerunt,
720 3812 894 3894 priusquam
913 3830 1005 3872 mauu
1025 3811 1232 3888 mitterentur)

134 3902 163 3964 ai
179 3903 292 3962 Graece
307 3899 340 3959 in
354 3906 399 3973 Aa
411 3899 564 3973 caderent,
585 3898 719 3958 Latinam
741 3896 976 3958 tenninationem
991 3894 1170 3976 plerumque
1183 3914 1233 3954 oe-

134 3995 255 4069 perunt.
297 3985 364 4045 Non
380 3993 477 4045 tamen
490 4001 700 4062 usquequaque
719 3980 900 4041 increbuieae
912 4001 976 4043 eam
989 3978 1234 4040 coueuetudiuem

134 4092 175 4133 ex
187 4071 318 4151 antiquie
337 4067 581 4150 lnaoriptionibua
596 4065 800 4128 animadverti.
841 4064 917 4126 Nam
938 4085 1008 4126 ecce
1020 4063 1074 4124 tibi
1089 4062 1164 4123 leaeo
1176 4083 1234 4123 no·

134 4157 216 4217 mine
240 4174 280 4215 ex
308 4154 454 4230 Grutero,
486 4153 635 4227 Reineeio,
664 4151 788 4230 Sponio·
840 4153 980 4230 Αχιὶὶᾶς.
1010 4146 1063 4210 Μ.
1083 4143 1234 4209 Corneliae

134 4236 488 4303 Anthemunta·
502 4234 639 4299 Aetttee.
669 4230 695 4319 P
717 4236 846 4310 Αλεξᾶς,
867 4228 1096 4316 ainoaoneoeearie
1109 4231 1147 4291 ab
1158 4227 1233 4293 Att-

134 4325 273 4407 ξανδρος.
306 4320 343 4402 Q
356 4320 539 4385 Horteneiue.
569 4319 607 4400 Q
621 4321 662 4386 L.
676 4320 790 4385 Alexa.
811 4317 978 4380 Suaoettiua
991 4314 1107 4377 Alexa.
1129 4308 1233 4397 Ην-

135 4406 237 4494 Pqiac.
280 4404 313 4472 G.
328 4407 484 4494 Quinctiae
494 4403 630 4471 Aedem
672 4403 700 4494 f
721 4408 859 4480 Απιλλᾶς
877 4397 1127 4481 (mmcapul
1140 4397 1234 4460 Atho·
