2950 4994
472 436 812 510 PROLEGOMENA.
1125 473 1187 514 xcv

108 614 238 677 tenorem
257 622 415 690 evexerat,
438 634 454 674 a
477 609 594 674 luerim
615 612 705 674 luisse
727 611 859 694 dejectos
882 623 911 676 et
932 612 1129 677 deturbatos?
1150 615 1190 678 tt

108 718 166 799 quis
179 736 236 777 non
250 716 406 796 cognoscit
422 712 478 774 sub
494 735 529 775 eo
544 715 624 775 solos
638 714 776 777 floruisse
791 712 1011 781 orthodoxos?
1028 717 1104 785 Sene
1120 718 1189 779 talia

108 828 134 879 et
143 827 236 879 tentus
246 837 335 880 error
349 818 401 879 liic
414 835 477 877 esse
491 815 625 893 videtur,
647 825 681 876 ut
700 838 718 876 e
732 826 836 878 nostro
849 818 965 879 Autore
983 816 1022 880 de
1038 838 1092 880 sus
1106 819 1187 881 (livi-

107 928 158 980 tate
172 919 254 978 nullo
278 920 371 981 modo
390 918 534 1000 potuisset
552 917 711 995 committi,
737 918 763 979 si
783 920 832 982 vel
857 920 922 1001 ipse
942 929 1016 981 tunc
1041 922 1188 1005 temporis

107 1022 234 1099 sixiuet,
260 1022 312 1082 rel
339 1039 408 1081 cum
432 1020 499 1080 eliis
521 1020 605 1098 ullis,
634 1020 687 1101 qui
709 1018 847 1082 vixerunt
869 1022 923 1082 ille
944 1031 1064 1098 aetate„
1082 1025 1189 1086 suisset

106 1134 235 1186 sersatm.
277 1123 384 1203 Neque
395 1121 450 1182 alia
465 1121 584 1204 quidem
596 1122 634 1183 ‹le
647 1141 736 1183 causa
748 1119 780 1180 id
792 1120 937 1200 scriptum
951 1122 1040 1187 lirisss
1054 1125 1186 1205 videtur,

105 1246 182 1307 susm
201 1223 284 1308 quod
298 1224 506 1285 Narrationem
524 1245 562 1287 ex
578 1229 691 1285 Autore
709 1223 810 1303 sliquo
821 1221 1006 1306 Eurycliam
1021 1226 1188 1309 exscripse-

105 1330 150 1406 rit;
169 1327 219 1408 qni
228 1327 345 1405 Actor,
365 1345 433 1386 curn
454 1325 519 1409 ipse
534 1337 609 1388 esset
621 1323 834 1406 Eutychianos,
855 1344 912 1405 per
927 1324 1120 1391 orthodoxos
1135 1326 1189 1390 ‹ls-

105 1429 229 1509 sipnrss,
248 1448 313 1490 non
327 1426 398 1489 illos
423 1429 475 1509 qui
493 1448 597 1489 revera
620 1427 743 1488 luerunt
760 1422 948 1504 oritorum,
969 1428 1024 1489 sed
1044 1430 1097 1513 qni
1111 1431 1186 1492 tulos

104 1540 161 1592 suot
173 1529 265 1592 habiti
281 1529 364 1613 spud
377 1527 594 1615 ffityrhiomoq
612 1528 670 1590 lios
682 1546 808 1608 nemque
823 1525 861 1587 ab
869 1518 1034 1610 Boplsros's'o
1049 1552 1186 1611 persecu-

104 1633 200 1694 tionen
212 1632 305 1694 luisse
318 1652 434 1715 pascos,
456 1630 496 1692 ad
508 1630 794 1692 verisimilitudinem
807 1649 895 1710 quem
907 1629 1044 1710 proxime
1062 1633 1186 1695 accedit.

174 1734 284 1796 xvltl.
329 1731 420 1808 Quod
441 1732 473 1795 in
496 1734 620 1795 caeteris
641 1732 706 1794 istis
729 1728 805 1793 locis
823 1741 884 1794 torn
901 1730 1055 1812 insigniter
1075 1753 1094 1794 s
1113 1754 1186 1797 vero

103 1833 245 1897 deduxerit
256 1845 362 1897 nomer
374 1834 641 1918 Chronographus,
663 1833 696 1895 id
709 1833 742 1895 in
753 1854 840 1895 causa
856 1834 947 1895 tuisse
961 1834 1098 1911 videtur,
1118 1856 1187 1917 per.

103 1934 148 1996 tim
158 1937 239 2018 quod
252 1937 425 2019 Scriptum
439 1938 533 1999 malos
550 1947 641 2020 etque
658 1935 840 1998 recentiores
861 1936 900 1995 sit
920 1946 1055 2006 uentus.
1076 1939 1187 2020 purtim

103 2038 173 2116 quod
210 2040 276 2122 ipse
306 2039 502 2118 negligentius
534 2049 564 2101 et
593 2038 773 2103 incuriosius
804 2038 1044 2119 transcripserit,
1077 2042 1188 2121 partim

103 2136 216 2221 denique
234 2139 321 2223 qnod
341 2140 522 2223 conjecturis
551 2142 613 2203 suis
634 2151 665 2204 et
684 2140 932 2203 hariolaticnibus
952 2140 984 2200 in
1004 2141 1187 2223 temporibus

20 2246 21 2287 ἶ
101 2259 188 2302 rerum
202 2251 233 2303 et
245 2251 399 2321 gestorum
411 2242 574 2304 statuendis
591 2265 662 2306 usus
678 2243 726 2305 sit.
767 2244 909 2303 Secutum
931 2260 998 2301 eum
1020 2242 1112 2320 luisse
1126 2243 1189 2303 Au.

20 2400 21 2429 p
102 2348 170 2401 tores
183 2343 258 2403 alios
270 2363 332 2403 non
348 2341 445 2405 minus
460 2346 492 2405 in
504 2344 593 2406 rebus
607 2346 663 2411 sub
680 2343 807 2427 imperio
818 2341 982 2405 Iustiniani
991 2341 1082 2418 pestis
1099 2361 1186 2403 ener-

20 2436 21 2527 J
101 2441 189 2502 rssdis
203 2463 294 2524 quam
310 2445 445 2525 ingestis
463 2446 590 2513 aliorum
606 2447 808 2525 celebrandis,
829 2456 865 2508 ut
878 2444 1035 2506 conficitur
1050 2463 1088 2504 ex
1105 2464 1188 2507 erro-

20 2534 21 2575 l
101 2542 173 2605 nius
183 2547 310 2621 notatis,
331 2550 377 2609 sic
391 2559 422 2611 st
433 2550 499 2610 aliis
512 2550 674 2612 luculentis
686 2549 803 2611 indiciis
816 2547 955 2611 redditur
971 2544 1186 2613 confirmatum.

101 2643 174 2707 llode
185 2647 271 2710 aliter
287 2647 401 2712 lectum
420 2662 480 2728 est,
503 2652 583 2732 quod
607 2652 788 2714 aldenailsus
804 2649 894 2711 unius
910 2647 996 2726 anni,
1017 2648 1056 2708 od
1070 2669 1186 2712 menses

101 2745 165 2808 elius
177 2749 290 2832 absque
313 2751 376 2812 ulla
396 2771 541 2814 annorum
562 2752 744 2816 diversitatis
758 2750 971 2832 significatione
987 2750 1185 2830 transgrediu.

100 2855 155 2925 tur,
172 2850 227 2911 nisi
247 2851 335 2934 quod
355 2873 393 2915 ex
416 2853 481 2914 sliia
497 2852 655 2916 Historicis
678 2876 746 2916 suas
766 2850 956 2914 Narrationes
973 2852 1183 2929 transcribens,

98 2945 257 3014 &tamdia
279 2952 445 3034 quaedam,
474 2975 550 3037 quas
577 2964 637 3017 nun
662 2958 786 3020 suerunt
813 2951 993 3023 omisnods.
1020 2954 1183 3017 oscitanter

99 3052 239 3114 saneim
265 3055 317 3115 Sic
333 3063 405 3136 post
420 3058 598 3120 mentionem
618 3056 794 3143 Septembris
814 3052 974 3134 Menris1)
996 3053 1075 3134 (sub
1097 3057 1183 3116 Lcm-

97 3151 167 3230 psdii
187 3165 216 3217 et
236 3155 355 3218 Orestis
374 3159 549 3238 consulatu)
573 3160 610 3221 sel
632 3156 768 3247 Aprilem
780 3153 817 3240 ¹)
839 3156 1051 3239 (sequentem)
1078 3158 1181 3221 ah‘um-

98 3270 147 3330 qus
167 3254 361 3339 Septembrem
381 3260 620 3344 progreditur¹)
649 3262 713 3323 sine
729 3260 790 3321 ulla
809 3259 920 3321 diversi
937 3260 1006 3320 anni
1019 3261 1180 3325 mentione.

98 3350 170 3415 Unde
186 3358 274 3419 aliter
295 3362 423 3442 contigit
444 3364 526 3444 quod
545 3366 575 3426 in
597 3364 654 3425 elio
673 3358 791 3447 loco⁴)
819 3382 868 3425 res
889 3371 985 3442 gestas
1006 3359 1182 3445 Septemb

96 3455 192 3515 mnis
208 3470 278 3519 aute
296 3473 377 3541 gesta
390 3463 525 3548 Augusti
545 3466 677 3549 ejusdem
698 3465 768 3525 anni
794 3465 825 3526 in
847 3464 950 3526 literas
973 3465 1129 3544 retulerit,
1152 3474 1183 3526 et

97 3574 211 3618 nmmo
228 3558 425 3643 Septembrem
447 3576 516 3628 ants
528 3569 696 3651 Augustum
715 3575 824 3650 ponal3
843 3567 941 3644 node,
961 3565 1099 3645 inquom,
1120 3564 1181 3626 hoc

97 3663 182 3735 poton
194 3661 386 3741 contingere,
408 3666 466 3726 nisi
489 3668 572 3748 quod
592 3691 640 3736 ex.
651 3670 812 3731 tutoribus
835 3669 964 3732 <liversis
978 3667 1049 3727 dum
1065 3686 1118 3726 sne
1133 3666 1183 3727 dc-

97 3762 230 3841 melnt,
253 3763 354 3845 primo
367 3766 459 3826 verba
473 3768 554 3829 illius
569 3771 706 3850 posuerit
726 3771 779 3851 qui
791 3768 967 3853 Septeimris
978 3771 1086 3828 mensis
1101 3778 1182 3847 gesto

97 3861 265 3949 omnin,
289 3875 320 3927 et
330 3875 437 3949 postea
456 3868 547 3931 verbe
562 3870 699 3950 alterius,
722 3871 774 3951 qui
787 3870 826 3932 de
839 3871 912 3932 notis
927 3867 1035 3931 mensis
1046 3868 1182 3951 Augusti

120 4386 151 4455 ⁴)
165 4408 191 4462 P·
206 4396 267 4452 Μ
285 4393 321 4450 ad
337 4393 585 4452 mentiamini
602 4397 645 4453 26.
