2936 4996
548 435 771 508 murone
854 538 857 543 Ι
1126 446 1202 523 737

113 616 225 677 Notum
239 621 284 674 est
300 611 362 694 jam
375 632 392 673 a
403 611 504 674 multis
522 613 648 674 socculis
662 632 775 675 morem
795 610 954 673 invaluisse
965 611 1047 694 opud
1062 616 1203 691 Grsecos,

112 711 148 762 ut
162 700 268 762 eodem
281 719 355 758 sono
371 698 545 759 efferrentur
557 721 588 761 αι
599 709 629 758 et
641 722 666 773 ι,
688 722 718 762 σι
731 706 761 758 st
774 720 805 759 o·
845 700 917 758 'Pons
928 700 1057 779 ceptioss
1069 720 1204 780 pronun.

112 788 206 847 oistio
227 783 343 844 mendis
362 783 483 842 infinitis
502 782 596 842 libros
617 782 768 863 opplevit:
798 791 832 843 ut
851 782 922 844 Μαί.
942 804 974 864 p.
987 781 1028 849 47
1046 786 1137 853 et49.
1159 790 1204 872 spi

110 873 172 934 ulei
190 870 249 930 εοιῑ
272 869 410 948 Αίχίονσς
426 871 470 952 τῷ
493 866 623 942 Πίνθει,
651 887 708 947 pro
729 867 870 947 Etylovoe.
899 875 930 930 et
948 888 964 928 e
983 866 1101 930 diverso
1117 873 1159 937 49
1174 878 1205 932 et

110 934 165 1022 65.
188 951 260 1035 ὄρος
274 946 464 1032 Κιθεριίνιον
476 972 532 1031 pro
548 947 773 1032 Κιθαιρώνειον
791 961 822 1011 et
834 955 903 1018 106
922 950 1059 1016 Aeetam
1071 974 1127 1033 pro
1140 960 1203 1018 As·

110 1042 198 1124 sulp.
217 1045 248 1099 et
262 1037 318 1097 slis
336 1056 395 1097 non
409 1056 505 1117 pauco
523 1045 624 1096 extent
639 1056 676 1096 ex
691 1056 727 1095 eo
741 1055 857 1113 genere.
878 1035 922 1096 sic
932 1042 994 1104 211
1009 1046 1039 1099 et
1055 1044 1125 1105 171.
1142 1040 1205 1103 Ταῦ

113 1129 217 1197 Tosne
237 1122 310 1183 οίοιί
327 1125 383 1183 sori
403 1122 578 1197 Ναυπλίου,
606 1139 663 1205 pro
685 1123 805 1199 Οιαιιος.
838 1130 869 1181 et
891 1118 1030 1200 Σχονίως
1055 1126 1123 1188 169.
1146 1143 1203 1203 pro

110 1205 273 1288 Zqosnloe.
313 1205 347 1264 ln
365 1204 519 1265 codicibus
537 1225 626 1266 manu
645 1205 754 1264 notetis
771 1205 960 1284 promiscuus
974 1205 1038 1266 lere
1056 1217 1102 1267 est
1113 1226 1204 1266 voco·

109 1293 186 1353 lium
206 1290 313 1350 horum
329 1309 411 1350 usus.
453 1290 519 1350 Hoc
535 1289 688 1366 diligenter
706 1287 929 1363 animadverso,
951 1289 1205 1368 deploratissimos
1221 1289 1248 1345 0
1263 1293 1299 1348 76

108 1378 197 1438 locos
219 1373 389 1436 emendabit
408 1375 491 1435 nullo
508 1375 643 1450 negotio,
664 1373 716 1452 qni
734 1374 883 1452 ingenium
901 1374 1085 1455 etjudiciuur
1104 1375 1135 1435 in
1149 1396 1205 1437 nu·

109 1469 226 1523 mereto
239 1457 387 1520 hebuerit.
431 1457 607 1519 Plutarchus
623 1458 661 1517 de
674 1456 751 1518 lside
763 1467 793 1518 et
806 1457 938 1519 Osiride:
958 1461 1156 1539 Εμπεόοιιίῆς
1171 1458 1205 1525 li

109 1543 170 1627 τήν
181 1542 238 1625 μίν
253 1538 444 1628 όναθουργόν
459 1538 557 1625 σίρχήν
576 1537 722 1622 φιλότητα
739 1541 791 1604 καί
807 1544 927 1622 φιλίαν,
947 1540 1090 1616 πολλάκις
1103 1542 1137 1606 et
1151 1542 1204 1626 rip·

110 1632 224 1711 μονίαν
246 1634 404 1692 καλεῖσθαι
423 1627 545 1708 μίροπι·
575 1624 631 1707 τιίν
654 1624 687 1688 ὀί
699 1628 833 1706 χείρονα,
854 1634 954 1701 νεῖκος
974 1619 1138 1707 οιίίιόμενον
1150 1627 1203 1693 sul

108 1718 202 1794 δῆριν
223 1708 428 1791 αἱματόεσσαν.
470 1713 593 1772 Frustra
616 1708 667 1769 hic
690 1710 867 1771 Plutarchus
884 1732 939 1793 per
953 1731 1045 1771 snnos
1060 1710 1203 1774 ducentos

108 1821 285 1882 criticorum
309 1818 451 1878 auxilium
468 1816 647 1898 imploravit
688 1818 735 1877 'lu
754 1826 839 1877 verte
861 1838 894 1879 αι
912 1815 944 1876 in
965 1839 996 1896 s,
1018 1827 1048 1876 et
1060 1819 1124 1894 lege
1140 1826 1206 1901 Ap·

108 1907 222 1987 μανίαν
243 1907 330 1965 καλεῖ
344 1906 527 1983 θεμερῶπιν.
579 1902 703 1961 Possum
725 1902 856 1962 excitsro
876 1901 974 1982 ipsum
996 1902 1204 1982 Empedoclem

108 1999 216 2053 testem
228 1986 318 2069 hujus
332 1987 540 2063 correctionis,
563 1986 642 2066 opud
658 1983 850 2046 Plutarchum
863 1984 932 2065 περί
946 1978 1120 2067 Ειίθιιμίας.

273 2084 359 2154 Ενθ’
377 2083 457 2173 ἦσαν
478 2092 600 2172 Χθονίη
620 2115 666 2170 τε,
691 2090 743 2153 sol
763 2082 884 2170 Ηίιόπη
904 2094 1067 2171 ταναῶπις,

273 2180 371 2255 ΔιῙρις
389 2170 426 2238 θ’
447 2172 640 2255 αίμαεόεσσα,
668 2176 720 2239 καί
738 2175 877 2257 Αρμσνίη
898 2173 1053 2256 ίμερσίπις,

273 2260 427 2323 Kellenoi
447 2254 488 2335 τ’,
512 2255 627 2343 Αίσχρή
649 2283 695 2336 τι,
718 2255 828 2324 Θόασοί
849 2281 880 2321 τι
899 2261 1026 2340 Δειναίη
1046 2282 1088 2335 τε,

275 2341 436 2425 Νημερτής
454 2339 483 2406 ε’
506 2341 639 2427 ίρόεσσα,
661 2338 867 2428 μελάγκαρπός
887 2336 915 2406 τ’
935 2338 1087 2424 Accipere.

107 2453 167 2512 uni
184 2450 312 2511 libenter
333 2451 452 2528 legerim
473 2452 592 2530 Δηναίη
604 2474 648 2526 τι,
669 2460 704 2510 ut
723 2449 868 2511 contraria
886 2449 965 2510 inter
982 2471 1013 2511 se
1029 2471 1204 2531 comperen-

106 2547 168 2597 tur.
213 2537 281 2595 Scio
296 2555 377 2595 nunc
393 2535 465 2613 quid
478 2534 508 2593 in
529 2535 626 2594 nnimo
642 2544 704 2594 tuto
717 2544 815 2595 tecum
831 2534 967 2595 volutes:
988 2535 1042 2595 sed
1056 2536 1131 2595 illud
1148 2537 1203 2597 tibi

62 2634 68 2645 '
107 2619 286 2681 confir-inore
301 2639 421 2699 possum
438 2618 580 2700 syllabam
602 2619 727 2700 primum
742 2619 826 2679 verhi
850 2619 992 2699 ίμερσῖπις
1009 2639 1073 2679 esse
1088 2621 1204 2700 produ-

108 2717 188 2767 ctsm
208 2714 297 2783 atque
312 2706 439 2782 longene.
481 2703 597 2764 Primus
616 2705 649 2763 id
666 2704 801 2784 reposuit
821 2703 967 2764 Henricus
981 2703 1149 2785 Stephanus
1164 2725 1203 2764 ex

108 2790 281 2869 conjecturo
303 2799 446 2869 quesitum
465 2808 520 2867 ego
535 2809 572 2848 ex
592 2808 625 2849 rs
643 2790 708 2869 ipss
730 2789 931 2870 conjectorum
949 2789 1037 2849 socio.
1081 2789 1202 2850 Veteres

107 2876 256 2936 editiones
268 2882 489 2953 repraesentent
502 2872 552 2936 soi
568 2869 699 2955 σίρμονίη
714 2895 747 2955 ys
761 2878 904 2954 μερόπις.
946 2873 1050 2952 ltoque
1063 2871 1113 2932 hio
1128 2893 1202 2953 quo·

107 2980 168 3040 que
183 2958 337 3036 legendum
351 2966 395 3017 est
410 2956 538 3038 όρμονίη
553 2961 732 3036 θεμερῶπις.
772 2956 903 3037 Hesych.
928 2959 1116 3038 Θεμεροίπις,
1137 2957 1202 3037 ἔρα-

106 3045 193 3122 σμία,
211 3036 332 3125 οίγχόνη.
361 3042 436 3121 Lege
449 3042 574 3122 ίρασμία
587 3041 732 3121 οίρμονίη,
754 3044 911 3102 sutoritote
925 3040 1126 3122 Empedoclis:
1146 3041 1203 3101 nisi

106 3128 244 3188 umoris
259 3127 385 3206 ίρασμία
405 3122 532 3207 αι’σχόνη
547 3146 585 3186 ex
604 3126 745 3206 Aeschyli
763 3123 954 3187 Prometheo:
984 3130 1033 3187 Ειι
1046 3119 1080 3187 ‹l'
1096 3122 1203 3206 ίπίηξό

106 3234 169 3292 μου
185 3208 243 3288 τήν
261 3215 434 3289 θεμερῶπιν
455 3212 542 3275 olori.
583 3208 684 3284 Αίόαίς
703 3221 748 3271 est
770 3203 910 3290 αίσχόνη.
952 3210 1109 3289 Perpetem
1129 3207 1202 3269 huie

107 3294 231 3357 lectioni
259 3294 455 3368 Scholiostes,
488 3305 518 3356 ot
541 3295 738 3374 Etymologiei
770 3305 858 3356 sutor
879 3302 936 3377 θιρ
960 3298 1071 3374 εροίπιν
1096 3313 1200 3354 vocem

106 3378 196 3441 nihili
215 3388 410 3457 anteponunt,
444 3388 584 3458 tanquam
606 3381 830 3461 θερμαίνσασαν
851 3375 908 3460 τήν
927 3402 1003 3441 uno.
1051 3378 1143 3456 etqui
1163 3397 1200 3437 eo

105 3475 198 3547 pecto
216 3467 370 3544 θερμῶπις
390 3472 467 3524 esset
483 3464 656 3523 dicendum:
684 3484 780 3544 neque
800 3463 877 3524 enim
891 3463 939 3522 vel
960 3460 1050 3522 lsrrdo
1065 3461 1202 3522 nuditum

106 3559 155 3610 est
173 3546 330 3628 θίρμερος.
375 3547 479 3607 Pollux
499 3558 595 3607 tomen
615 3548 669 3612 lib.
683 3553 712 3612 6.
729 3569 755 3607 c.
768 3549 821 3613 40.
847 3545 888 3612 Τό
908 3543 941 3611 σί
960 3540 1203 3626 θερμεριίνεσθαι

105 3633 159 3698 καί
177 3635 325 3715 ιιιχίιιίιᾷν
338 3627 464 3713 ιιωμιιιό.
506 3626 567 3692 MS¹
579 3635 694 3717 χλιδιᾷν
712 3632 761 3692 vel
773 3633 954 3711 ιινχίοιόιᾶν.
996 3630 1061 3706 lege
1075 3625 1204 3711 θεμεριί·

106 3723 219 3783 νισθαι
232 3715 284 3777 καί
295 3719 407 3801 χίιόᾷν,
428 3716 477 3777 vel
491 3719 621 3801 χίοιόᾷν.
638 3716 687 3777 vel
702 3717 868 3801 κυίσιδιρῖν.
908 3694 1092 3794 llesyolsinss
1115 3713 1204 3794 Θίμε·

104 3827 173 3885 ρον,
196 3795 315 3881 σεμνόν,
336 3795 396 3877 oirp’
408 3794 446 3865 ol
457 3803 508 3864 καί
520 3797 553 3865 τό
567 3795 777 3882 σεμνύνεσθαι,
802 3795 1033 3880 θεμερόνεσθαι.
1079 3798 1203 3879 Θεμίρη,

106 3886 234 3969 βεβαία,
258 3881 367 3962 σεμνοὶ,
390 3879 550 3964 ειίσεαθής.
594 3881 840 3968 Θεμερόφρονας,
861 3880 1011 3959 συνετούς,
1033 3876 1201 3961 σόφρονας.

105 3971 167 4031 Sed
187 3980 220 4029 ut
242 3968 409 4048 planissime
427 3979 558 4041 constet;
580 3990 656 4049 opus
671 3980 716 4030 est
737 3981 772 4030 ut
791 3968 933 4050 strophen
951 3978 981 4027 et
996 3964 1205 4045 sntistrophsn

104 4056 187 4116 iuter
199 4075 231 4113 se
244 4053 440 4113 conferemus:
463 4054 492 4111 in
509 4053 617 4132 quihus
635 4053 667 4112 hi
681 4074 785 4114 versus
798 4054 981 4133 respondent
994 4070 1033 4111 ex
1046 4049 1182 4111 adverso.

248 4192 251 4200 .
272 4142 321 4200 En
342 4132 373 4199 δ’
396 4136 500 4216 ίπίηξί
518 4160 579 4238 μου
600 4132 852 4216 senseresensere
873 4138 959 4200 αἰδοῖ.

277 4226 421 4303 Νεσχμοῖς
440 4221 474 4285 oi
493 4244 596 4302 νομοις
618 4217 694 4296 Ζειίς
715 4216 856 4301 ίθόσμιος
875 4214 1024 4305 ιιραεόνει.

103 4325 163 4386 [lbi
179 4346 237 4406 pro
252 4320 393 4407 α’θίσμας
408 4349 444 4389 ex
459 4327 631 4389 necessitate
651 4325 737 4385 metri
751 4326 866 4408 conjeci
879 4326 1035 4408 legendum
1051 4341 1112 4382 esse
1129 4314 1204 4385 ιίθε·
1221 4322 1247 4376 0
1263 4322 1299 4379 77

102 4415 174 4484 soie.
202 4411 300 4483 Quom
316 4414 519 4491 conjecturem
531 4413 661 4474 tinuerit
676 4409 853 4490 Hesychius.
895 4413 1031 4485 Λθειιίς,
1052 4401 1204 4488 α’θίσμοις,

147 4502 259 4555 locasses
285 4501 414 4560 Masone.
952 4494 994 4560 47
