2950 4994
230 429 265 480 ιι
638 402 922 480 rmum

229 580 372 651 loannes
403 578 651 666 limenius,
685 602 787 670 qoem
817 577 952 648 necno
983 584 1104 648 octono
1129 580 1240 652 medio
1265 605 1325 653 ex·

225 683 385 755 »clinem
416 689 565 768 constet,
597 681 745 752 oratione
775 682 872 751 tertio
905 681 949 751 (le
973 680 1175 774 Imaginibus
1209 686 1244 753 in
1272 685 1330 754 o-

228 786 311 859 buln
342 783 489 876 quedem
517 784 684 854 numnds
708 783 836 853 Muluio
867 793 978 854 utetur
1002 794 1155 872 rocwic,
1185 788 1232 856 itu
1255 788 1328 858 eius

229 889 452 959 testimonium
477 886 582 956 eludit
605 898 643 956 ut
667 890 851 957 orationem
877 888 969 956 illum
993 910 1093 979 posse
1118 891 1328 982 suppositum

229 1015 303 1063 esse
328 990 427 1064 diost.
478 988 578 1075 Quae
603 1013 705 1081 quum
729 991 814 1059 levia
839 990 902 1058 sint
926 990 1025 1058 facile
1044 1000 1194 1083 uppuret
1227 992 1328 1062 loun·

228 1095 279 1164 nis
305 1093 503 1162 Damasceni
528 1094 693 1162 orationes
719 1094 847 1162 tertium
871 1093 957 1161 iuter
987 1102 1022 1161 et
1046 1095 1225 1163 secundum
1249 1105 1328 1164 tsn-

226 1207 262 1266 tu
287 1195 464 1266 intercedit
482 1217 594 1264 rerum
616 1197 763 1265 omnium
784 1195 962 1265 similitudo
986 1204 1024 1263 ut
1047 1196 1074 1264 si
1094 1197 1198 1266 altero
1217 1219 1239 1265 u
1257 1220 1328 1288 quo

226 1300 354 1391 scriptu
385 1306 472 1368 esset
496 1300 695 1385 nesciretur,
727 1299 771 1368 ub
803 1297 926 1383 eodem
950 1298 1064 1367 umbos
1085 1298 1221 1369 bomine
1240 1322 1329 1392 pro-

227 1402 338 1471 iectus
362 1423 437 1470 esse
466 1423 568 1470 nemo
609 1402 666 1491 qui
710 1402 840 1493 legeret
870 1422 940 1469 non
971 1409 1061 1470 esset
1093 1403 1327 1494 suspicaturus.

227 1503 301 1575 Sed
332 1502 460 1572 etiamsi
493 1503 673 1572 certissime
705 1503 925 1572 demonstrari
955 1512 1072 1595 posset
1101 1505 1233 1572 tertium
1258 1526 1330 1573 non

227 1629 301 1677 esse
325 1605 474 1692 loannis,
499 1628 539 1673 es
560 1627 597 1674 ro
622 1628 665 1674 ne
685 1606 858 1675 minimum
878 1605 1016 1696 quidem
1037 1606 1106 1674 eius
1120 1605 1165 1674 de
1179 1605 1330 1677 Mululse

225 1716 335 1778 relate
359 1708 583 1777 testimonium
610 1717 803 1780 mutaretur.
863 1707 1051 1798 Utramque
1091 1708 1179 1776 eninr
1204 1708 1331 1779 codem

225 1812 388 1902 scriptum
432 1830 505 1879 esso
544 1818 698 1903 tempore
736 1810 794 1878 illo
833 1833 902 1900 quo
941 1809 1119 1879 rnstbemu
1167 1811 1331 1882 sciremus

224 1915 376 1985 Leonem
399 1910 564 2005 Episcopi
589 1910 734 1982 Orientis
758 1912 968 1981 misebuntur
992 1913 1130 2002 quidem
1153 1913 1216 1983 seri
1239 1918 1336 1984 non-⁴

227 2017 308 2086 dum
321 2015 587 2107 pronunciabunt
610 2037 653 2084 ex
678 2036 720 2084 eo
734 2025 827 2084 recte
852 2015 990 2107 collegit
1005 2015 1197 2107 bequienus
1215 2017 1282 2087 vol.
1300 2017 1331 2086 Ι.

226 2142 265 2212 p.
280 2116 368 2186 333.
394 2115 489 2206 quod
513 2115 634 2186 cedem
657 2117 692 2185 in
716 2118 974 2209 utroqueverbo
992 2128 1068 2187 suut
1090 2143 1126 2212 p.
1142 2117 1228 2187 333.
1244 2129 1331 2212 etp.

227 2217 317 2295 uu.
367 2217 435 2292 coir
466 2215 612 2312 ἅγγελος
639 2218 708 2294 κᾶν
737 2213 906 2313 βασιλεῦς
938 2215 1205 2320 εὖαγγελίζηταε
1233 2219 1332 2314 ipris

227 2317 316 2419 παρ’
351 2318 375 2394 ὃ
404 2314 650 2417 παρελάβετε,
683 2321 846 2397 sisium
877 2316 944 2403 crin
974 2315 1100 2402 ἀκοάς·
1140 2318 1233 2397 isso
1256 2316 1330 2421 yo'p

227 2425 315 2504 rior
339 2423 467 2506 struo,
491 2419 536 2503 o‘r
552 2425 621 2519 ἔφη
638 2421 660 2497 o‘
677 2428 778 2507 θεῖος
792 2417 1007 2515 ἀπόστολος,
1033 2419 1206 2519 ἀνάθεμα
1220 2425 1331 2505 ἔστω,

229 2517 458 2617 ἐκδεχόμενοι
486 2517 553 2620 τήν
580 2520 788 2623 διόρθωσιν.
839 2527 971 2613 Hodius
996 2549 1078 2597 vcro
1102 2528 1196 2618 quod
1223 2526 1331 2616 addit,

228 2628 256 2698 si
280 2628 387 2697 miuus
410 2636 517 2698 totum
547 2629 728 2698 orationem
760 2629 869 2714 illum,
902 2637 993 2701 certe
1017 2631 1131 2699 locum
1156 2655 1176 2700 e
1200 2628 1331 2699 Moluln

229 2740 425 2823 excerptum
457 2729 532 2799 lieri
559 2753 663 2825 posse
693 2741 732 2800 ut
764 2731 884 2822 uliquis
917 2733 1183 2825 interpolaverit,
1221 2733 1330 2802 verbo

227 2833 396 2905 monuisse
427 2831 552 2902 suflicit
580 2856 649 2903 non
679 2835 809 2904 meliori
841 2857 918 2903 cum
945 2835 1226 2904 rationedictum
1253 2857 1330 2906 cose

227 2958 330 3028 quum
362 2957 450 3026 quoe
482 2935 526 3005 de
559 2935 758 3024 Clementis,
789 2926 991 3029 Theophili,
1022 2937 1187 3028 Hesycbii
1217 2946 1331 3008 nors

227 3062 308 3109 sure
333 3038 480 3131 opinioni
515 3039 694 3109 commodo
724 3039 924 3110 burioluturr
958 3039 1004 3109 orl
1037 3063 1124 3131 quoe
1150 3039 1245 3131 quod
1268 3061 1330 3109 re-

227 3139 389 3234 sponderi
419 3162 521 3233 porse
552 3143 658 3232 quivis
689 3144 843 3235 intelligit
876 3141 1050 3235 respondit
1074 3143 1267 3234 Loquienus
1291 3164 1331 3235 p.

229 3242 315 3312 338.
367 3243 422 3311 Do
454 3244 557 3335 ipsius
588 3255 700 3316 sutem
724 3240 871 3316 Mululue
905 3246 1039 3338 ingenio
1068 3268 1265 3337 summoque
1293 3252 1332 3314 et

228 3346 359 3416 inscitie
382 3354 427 3435 et,
454 3346 482 3415 si
507 3370 585 3416 cnm
605 3349 822 3442 scriptoribus
849 3349 964 3440 paullo
979 3349 1217 3439 antiquioribus
1243 3369 1331 3416 oon-

229 3449 372 3536 ierotur,
410 3450 568 3520 sermonis
606 3452 760 3521 barbarie
799 3452 855 3541 qui
892 3452 938 3520 its
970 3452 1088 3520 seofist
1117 3462 1155 3520 ut
1190 3451 1332 3544 indigne

230 3552 407 3621 urbitretur
425 3549 561 3623 bomine
587 3553 676 3647 Syro
696 3554 819 3624 soeculi
844 3555 926 3623 sexti
950 3555 1125 3647 septimino
1150 3558 1227 3624 euin
1250 3554 1331 3622 vul<

230 3676 279 3749 go
312 3653 478 3744 loquenti,
512 3657 621 3749 ipsum
659 3680 732 3726 rem
764 3656 984 3749 Byzantium
1015 3666 1151 3750 oportet
1184 3656 1329 3750 ignoret.

229 3756 336 3826 Aliter
385 3756 571 3829 iudicarunt
617 3759 678 3831 viri
731 3781 844 3829 rerum
884 3760 1147 3851 Byzantiourum
1192 3758 1331 3853 peritis-

230 3859 321 3945 simi,
352 3857 508 3930 Reisltius
533 3871 568 3932 ct
590 3861 785 3932 Gibbonus:
817 3885 959 3952 quorun,
995 3863 1077 3931 ulter
1097 3862 1225 3931 Histor.
1250 3882 1328 3953 cup.

230 3961 306 4033 XL.
338 3970 449 4033 annot.
473 3961 537 4033 11.
570 3962 733 4033 Muluium
764 3964 857 4034 brevi
888 3973 967 4057 post
997 3965 1212 4034 lastinianum
1237 3963 1329 4032 scri-

229 4064 337 4157 psisse
361 4066 535 4135 ussmtitur
565 4066 690 4137 lortino
724 4067 950 4140 Διιὶιιιιᾶιειε.
981 4068 1047 4138 rol.
1073 4066 1131 4137 lV.
1162 4089 1197 4160 p.
1219 4064 1330 4135 3833

231 4186 300 4256 qus
322 4166 398 4258 ipsu
410 4165 486 4237 libri
496 4169 581 4240 illius
594 4179 692 4263 purte
703 4192 772 4263 ego
786 4193 842 4240 me
855 4192 958 4264 segre
975 4171 1050 4240 lero
1066 4191 1200 4252 ειιειος
1224 4168 1329 4237 Reis-

231 4266 306 4337 kius
343 4276 454 4338 sutem
491 4271 540 4341 itu
570 4275 682 4344 scribit
715 4275 749 4342 in
781 4273 1030 4345 Commentario
1064 4273 1110 4342 ud
1134 4269 1331 4343 Cobstoutl-

231 4391 313 4441 uuur
341 4374 515 4464 praeclare
538 4398 647 4470 nuper
666 4386 765 4447 suco
797 4400 835 4470 p.
858 4374 945 4449 eto.
978 4368 1237 4473 „Mreco'rrpoc
1258 4393 1328 4466 pro
