2950 4994
495 417 841 491 uuoLuGoMutta,
1155 456 1215 498 aaa

119 617 207 680 quem
225 617 264 659 ex
285 617 344 660 auo
368 595 619 663 Io.Autioelemo
641 594 783 676 adducit,
806 593 1037 679 apuduoatrum
1050 595 1100 661 Jo.
1116 594 1219 660 Mole-

118 698 179 763 tn
206 699 322 760 leuatae
354 700 528 782 quaeaierie.
571 698 776 780 Reperiuutuu·
810 698 930 780 quidem
957 699 1039 780 opud
1068 697 1218 762 Molelom

118 801 216 865 omnia
228 801 261 885 ¹)
282 823 316 864 ea
329 802 416 881 loca,
437 822 511 884 quae
524 802 562 863 ab
576 811 706 883 utroque
722 803 827 862 Tzetze
843 819 882 861 ex
902 798 953 863 Jo.
972 800 1160 863 Antiocheno
1173 803 1219 862 oi-

118 915 237 981 tautum
260 915 291 966 et
304 904 342 966 tle
357 905 470 966 Fabula
489 904 614 987 iuauper
631 904 704 981 ieta,
733 923 808 984 quae
829 913 874 965 eet
886 901 925 964 ‹le
943 903 1066 964 interitu
1085 902 1219 983 Penthei,

118 1006 358 1069 animadvertere
379 1007 465 1097 licet,
492 1026 552 1067 uon
570 1009 666 1070 eolum
686 1005 816 1089 proferri
837 1004 920 1087 apud
931 1001 1081 1067 Molelom
1097 1004 1220 1066 eandem

117 1108 200 1169 illiue
219 1109 410 1189 allegoricum
430 1108 663 1190 expositionem,
690 1129 795 1171 varum
817 1107 904 1168 etiam
929 1106 967 1167 ab
991 1126 1026 1167 eo
1050 1105 1091 1167 de
1115 1107 1219 1169 sabula

117 1210 176 1271 ieta
199 1210 345 1272 advocari
364 1207 534 1293 Euripidem
557 1210 591 1271 iu
609 1209 757 1288 Bemlie,
778 1219 814 1271 ut
826 1208 916 1271 etiam
929 1208 967 1269 de
982 1206 1084 1268 eadem
1101 1207 1134 1268 iu
1148 1208 1219 1271 locu
1295 1205 1298 1211 ’

117 1312 274 1393 μιοᾱίοῐο
288 1313 428 1375 citatura
446 1312 547 1374 Tum
557 1312 712 1377 Cluiliuate.
753 1311 830 1373 lliuo
843 1309 940 1371 euivia
953 1309 986 1368 iu
1003 1320 1146 1391 promptu
1157 1331 1221 1375 eaae

119 1412 215 1493 poenit
241 1424 451 1493 ugumeutum
473 1413 530 1475 eibi
554 1417 627 1478 aetia
649 1415 819 1499 apeoioaum
842 1412 1017 1488 efformare,
1043 1414 1221 1476 monalium

119 1534 209 1596 quem
221 1526 361 1577 noenum
375 1514 528 1594 loannem,
544 1537 562 1577 a
575 1517 693 1579 ‹luobua
709 1517 770 1578 illie
783 1514 989 1598 Soaiptoribue
1003 1534 1060 1595 per
1074 1511 1220 1577 Joauueoa

119 1616 324 1678 Aetiolemum
338 1618 499 1698 deaiguari:
519 1630 726 1698 argumentum
743 1612 906 1704 (iuquam)
921 1616 992 1677 aetia
1005 1617 1177 1697 epulosum,
1192 1628 1224 1707 et

119 1720 251 1781 aialieui
264 1720 325 1782 ieta
348 1719 453 1800 opinio
473 1719 664 1800 probabilior
687 1720 843 1795 videatur,
866 1738 934 1779 oum
950 1737 986 1778 eo
1003 1736 1066 1777 uon
1081 1736 1136 1796 ego
1152 1736 1224 1776 oon.

119 1820 255 1883 leodem
276 1821 327 1884 ble
340 1830 440 1883 umen
457 1842 520 1884 uon
540 1823 582 1885 ite
599 1822 677 1885 haee
698 1829 821 1886 movent
838 1820 911 1902 quio
930 1819 1033 1901 uotiua
1049 1817 1082 1877 iu
1104 1817 1225 1882 tieem

118 1925 446 2004 pemeumeeutentie.
490 1924 566 2000 Quia
586 1927 663 1987 euim
684 1926 716 1987 in
739 1922 881 1986 Graeciae
900 1920 1050 2001 aequioria
1072 1926 1104 1979 et
1123 1928 1226 2000 poeto·

119 2025 208 2086 tioeie
223 2027 428 2086 mouumentia
442 2035 504 2088 tam
519 2046 626 2109 parum
646 2036 781 2089 uerutue
799 2034 861 2101 eet,
880 2032 916 2085 ut
936 2041 996 2083 uuu
1009 2019 1084 2082 eeiut
1102 2020 1227 2084 illorum

119 2126 294 2208 Scriptorea
311 2128 375 2188 lere
390 2128 493 2190 eadem
508 2129 620 2211 ubique
631 2128 725 2189 lilerio
740 2125 934 2203 demandare,
955 2142 1047 2206 aeque
1068 2132 1172 2183 mutuo
1195 2131 1227 2185 et

120 2227 194 2288 aliua
216 2229 391 2310 Sen‘plorea
417 2231 581 2293 liberaliter
601 2229 770 2291 admodum
792 2227 963 2290 exscribere
983 2235 1072 2305 atqua
1091 2226 1227 2305 expilare

122 2330 343 2390 ooaeueaoeaa'l
368 2331 406 2394 Et
427 2333 499 2413 quia,
515 2353 574 2395 nou
595 2332 677 2394 videt
698 2332 748 2393 vel
768 2351 807 2392 ex
825 2330 915 2412 ipaia,
937 2346 1016 2409 quae
1034 2334 1155 2403 extant,
1176 2324 1226 2389 Io.
1307 2372 1311 2380 .

121 2428 308 2493 Autioolam'
317 2430 466 2495 Monueli
481 2435 655 2514 Exeeuptie,
678 2454 746 2497 eum
761 2432 864 2494 multi·
889 2431 920 2492 iu
945 2428 1020 2490 looio
1040 2426 1143 2490 eudem
1159 2448 1229 2488 uutu

122 2530 239 2593 laeuae
245 2542 353 2595 uoeteo
361 2532 480 2597 Molelo
492 2535 525 2596 iu
537 2534 639 2597 literae
653 2537 815 2598 retulime'l
840 2535 936 2609 Quem
952 2533 1026 2592 latet
1038 2531 1120 2591 illiue
1129 2528 1229 2590 Cluto-

121 2632 324 2715 uogeupleiaua
338 2635 378 2697 de
390 2635 499 2699 eiadem
512 2638 602 2719 plana
617 2659 685 2699 cum
704 2635 875 2701 Muleliunu
896 2631 1039 2695 sabuloaie
1060 2631 1151 2692 rebua
1168 2642 1230 2692 tra·

122 2736 243 2797 etmel
273 2737 366 2800 Hieoa
387 2739 510 2821 {nauper
531 2739 629 2817 adelo,
656 2738 729 2801 milui
748 2759 813 2800 eaaa
836 2737 1126 2819 exploratiaeimum,
1153 2733 1230 2795 nibil

123 2836 207 2899 aliud
221 2858 289 2901 eeae
304 2838 432 2903 Jooaaie
446 2843 538 2904 noatai
553 2838 688 2903 Melelue
701 2837 979 2920 chronographiam
1002 2856 1090 2917 quam
1110 2856 1148 2897 ex
1162 2837 1232 2898 aliia

122 2940 294 3003 butonbua
306 2941 477 3025 deoerptum
490 2964 590 3004 rerum
601 2941 814 3031 ferruginem.-
834 2942 930 3001 aoleue
946 2957 1013 2999 eum
1026 2938 1173 3000 verbatim
1191 2958 1231 2999 ex

123 3042 192 3104 aliia
206 3044 424 3119 mmeribere,
445 3045 614 3106 allaturae
633 3045 722 3106 etiam
739 3045 777 3103 ab
795 3042 856 3102 illio
868 3040 992 3115 citatae,
1013 3041 1098 3121 quael
1111 3040 1177 3120 ipae
1191 3041 1232 3101 le·

2 3154 3 3161 ’
124 3147 235 3226 gimel,
260 3144 364 3206 citare.
407 3144 489 3221 Quid
509 3147 611 3229 itaque
630 3147 740 3207 mirum
761 3145 788 3206 ai
802 3142 974 3228 praedictae
987 3141 1181 3203 Narrationee
1197 3141 1233 3202 in

125 3247 181 3307 illo
202 3246 409 3328 reperiantur,
438 3248 510 3311 lieet
535 3270 574 3311 ex
602 3249 664 3309 aliu
691 3249 794 3329 aliquo
821 3247 977 3327 Scriptura
1005 3244 1112 3305 citatae
1137 3242 1232 3305 aunt'l

126 3345 300 3422 Quominue
314 3356 413 3408 autem
427 3348 594 3411 exiatimem
611 3351 698 3411 illum
714 3372 732 3410 a
749 3348 956 3432 Scriptoribua
971 3345 1134 3427 praedictio
1144 3345 1235 3406 intel·

125 3448 197 3527 ligi,
218 3447 251 3507 iel
267 3459 348 3510 certa
367 3449 476 3527 ebetat,
499 3451 581 3531 quod
597 3450 718 3511 videtur
729 3449 930 3530 colligendum
941 3468 979 3509 ex
993 3447 1073 3526 Imp.
1088 3441 1234 3508 conmo-

127 3551 186 3610 tiei
203 3546 313 3630 tuopte.
334 3552 531 3613 eoueeteneie
550 3551 640 3615 totiea
659 3550 805 3627 laudatio,
826 3570 889 3611 uon
910 3549 1032 3610 eolitum
1051 3565 1120 3609 eum
1141 3546 1234 3607 iuiaee

127 3652 185 3712 aab
203 3649 337 3732 aimplioi
357 3654 556 3733 appellatione
573 3653 700 3718 Jounaie
713 3650 897 3715 Antiocheae·
918 3648 1161 3722 commemorem
1182 3645 1236 3708 aed

3 3754 4 3845 Ῐ
128 3752 167 3812 ab
183 3753 280 3814 altaro
291 3752 345 3813 illo
357 3772 411 3833 per
423 3772 509 3813 auum
524 3777 683 3838 cognomen
706 3756 822 3838 aejuugi
833 3755 930 3815 luioae
948 3762 1134 3814 consuetum.
1175 3749 1236 3806 Ao·

128 3851 210 3912 ΨΜ
233 3851 319 3932 ‘1¹¹⁰‘l
336 3864 368 3915 et
383 3854 448 3936 ipae
464 3852 512 3915 Jo-
536 3856 655 3916 Teetzee
673 3859 704 3917 iu
726 3859 787 3918 aliu
802 3856 873 3916 loco
884 3855 939 3930 ⁹),
961 3853 1013 3913 ubi
1025 3873 1093 3913 eum
1108 3866 1236 3909 comme·

3 3974 4 3989 ¹
129 3962 243 4030 norat,
264 3975 327 4015 nou
339 3957 425 4019 illum
442 3955 575 4039 appellet
595 3952 740 4017 loouuem
756 3952 975 4017 Aetioelueum
982 3995 994 4028 ,
1015 3952 1070 4015 aeol
1093 3947 1236 4016 Ioannem

164 4210 196 4279 ¹)
212 4209 254 4264 De
277 4210 402 4278 ceeaopa
429 4206 473 4289 116.
504 4207 621 4266 Pallaello
644 4208 703 4269 tat.
734 4207 876 4280 Cleopatra
899 4206 960 4263 280.
979 4208 1030 4260 elo.
1060 4202 1175 4259 Pentheo
1191 4202 1236 4258 51.

195 4293 302 4350 Peeldle
321 4291 409 4349 nort·
426 4294 486 4351 115.

162 4383 195 4450 ²)
214 4381 285 4436 cau.
303 4381 330 4440 ⁵.
350 4378 422 4434 tuat
439 4380 483 4437 19.
