2912 5000
507 473 730 547 EPISTOLA.
1116 489 1192 562 099

267 650 331 715 Nee
344 651 412 715 data
423 650 565 714 Eumenia
574 651 661 713 venia
675 660 721 714 eet
732 650 854 734 indigna
864 651 973 734 poetic.

105 752 161 816 rea
182 762 248 816 erae
269 754 415 817 duntaxat
431 773 552 817 veroum
574 754 674 833 illum,
697 754 749 834 qni
764 754 969 836 paroemiacua
981 753 1111 834 dicitnr,
1130 768 1194 821 tro·

107 838 200 898 chaeo
218 839 365 902 claudere.
404 841 449 903 Eo
469 858 564 919 neque
583 859 644 901 uon
660 839 747 902 aliter
768 838 936 899 continuari
957 837 1103 904 debebant
1125 864 1193 905 anu·

103 922 201 1005 pocati
225 925 272 984 rel
297 946 383 1006 perer
402 932 561 1006 unapueeto
587 923 695 1006 pedea,
723 944 759 985 ec
787 924 812 984 ai
840 923 947 983 unione
978 935 1055 987 eruet
1078 947 1194 996 verane.

106 1007 187 1082 Quin
202 1016 233 1068 et
244 1011 353 1070 Seneca
368 1010 526 1089 Trugicue,
547 1019 582 1069 ut
595 1010 669 1069 aoiea
686 1030 754 1071 enm
769 1006 806 1069 ale
818 1007 963 1069 industria
975 1013 1193 1092 temperariaae,

105 1091 196 1153 aemel
211 1103 327 1155 tentum
342 1103 430 1175 atque
446 1095 553 1155 iterum
572 1092 714 1155 trochaeo
732 1103 905 1173 auapuuatoe
924 1094 1044 1165 ciauait,
1066 1116 1122 1156 neo
1135 1097 1194 1158 uiui

104 1176 186 1236 finita
200 1179 360 1239 aerateotiae
386 1178 437 1258 qui
451 1177 563 1239 acilicet
581 1178 759 1260 paroeminci
782 1179 867 1239 loona
884 1188 976 1256 earet,
996 1178 1055 1239 nini
1074 1180 1100 1240 ia
1121 1183 1195 1242 eori-

103 1270 175 1343 ptor
188 1262 290 1322 neacio
305 1283 360 1325 cur
371 1283 489 1324 veroum
509 1262 595 1324 illurn
617 1263 811 1344 repudiasset.
852 1261 975 1329 verere·
993 1272 1092 1324 tamen
1114 1264 1194 1326 Lati.

103 1366 160 1406 noe
172 1346 292 1407 minimo
307 1357 477 1428 aapematoa
491 1367 555 1407 eaae
571 1348 807 1409 Paroemiaoum.
828 1346 881 1407 red
900 1357 929 1408 et
947 1347 999 1407 hic
1013 1347 1195 1412 Graecorum

103 1429 237 1574 velatigiia
245 1433 386 1495 iuetitiaae
399 1432 475 1495 ecire
486 1430 606 1496 debitur
616 1453 656 1496 ex
669 1433 735 1495 iatiu
747 1431 880 1515 reliquii·
886 1475 896 1512 ,
916 1431 1031 1515 fitque,
1050 1432 1083 1494 ni
1095 1434 1195 1516 fuller,

103 1534 137 1574 ao
149 1536 186 1578 ιι.

103 1630 206 1697 Attica
229 1632 374 1699 Phinidie.
415 1635 510 1697 Simul
524 1637 676 1699 atcircnrn
691 1656 796 1718 magna
808 1636 983 1700 aouantibua
1213 1633 1291 1693 027

410 1720 516 1781 Excita
529 1726 608 1784 eaxia
622 1743 710 1784 aaeva
725 1720 858 1784 acuendo

414 1805 536 1887 crepitu
551 1808 704 1888 clangente
719 1806 907 1869 cachinnant.

101 1921 203 1984 locor
217 1931 263 1985 eat
276 1919 357 2003 apud
370 1921 498 1983 Nonium
510 1924 541 1985 in
557 1922 747 1989 tactuum.
789 1923 849 1987 Sed
864 1945 952 1987 nemo
965 1945 1042 1987 eane
1053 1925 1194 2009 impetra·-

101 2006 164 2084 uir,
189 2017 225 2068 nt
238 2009 331 2068 verba
347 2007 419 2068 aetii
439 2028 510 2069 unna
533 2029 599 2088 eoae
616 2009 787 2070 concedam.
836 2009 987 2084 Quoraum
1004 2012 1083 2073 euim
1101 2011 1195 2094 perti.

100 2102 176 2153 nent
192 2112 302 2173 mogun
318 2113 420 2168 actuo,
442 2102 472 2155 et
486 2092 658 2155 coeuntibus
677 2088 837 2156 acuendo?
855 2093 1037 2155 Peccaturue
1051 2116 1134 2173 aum,
1150 2095 1196 2157 nti

100 2196 208 2254 opero,
235 2177 312 2235 intra
333 2177 465 2254 verriana,
490 2178 646 2259 riparum
674 2197 822 2261 proruere
844 2178 1020 2239 mediciuem
1045 2180 1194 2263 experior.

100 2260 151 2321 Ex
170 2261 239 2342 ipro
258 2259 376 2321 rabulae
393 2261 511 2323 nomine
529 2282 631 2342 magne
655 2262 786 2343 euepicio
810 2271 855 2326 ut
875 2262 913 2324 de
932 2262 1073 2346 flupyin
1100 2265 1195 2329 verbe

100 2342 176 2406 fieri.
216 2344 318 2407 fauor
328 2346 430 2428 itaque
443 2367 482 2408 eu
495 2347 541 2408 aic
552 2347 711 2429 legendum
723 2347 788 2409 eet'i

412 2464 508 2527 Simul
521 2472 551 2528 et
563 2465 677 2526 circum
686 2473 788 2543 atagna
804 2464 976 2528 aouautssrua

411 2548 517 2610 Excito
530 2551 611 2611 euxia
626 2570 713 2611 eeeva
728 2549 855 2611 Celaeno

413 2634 535 2716 Crepitu
548 2635 701 2715 clangente
711 2632 878 2699 crohinnet.

99 2749 184 2812 mun
196 2747 346 2833 clangente
357 2753 480 2834 proprie
492 2761 523 2813 et
534 2763 605 2838 apte
617 2752 731 2817 (lictum
751 2763 797 2817 eet
809 2753 849 2817 de
860 2754 1012 2839 Harpyiis.

99 2853 263 2933 Virgilianae
416 2854 458 2915 Ae
479 2853 594 2916 aubitaa
614 2852 758 2916 horrifico
773 2855 859 2937 lupen
872 2855 911 2917 (le
922 2857 1073 2917 montibua
1088 2856 1197 2920 adeunt

413 2936 580 3021 Harpyiae,
602 2947 633 3001 et
646 2940 758 3018 magnia
772 2940 910 3021 quatiunt
924 2938 1112 3022 clangoribua
1125 2943 1196 3007 alne.

99 3023 187 3101 Quin
200 3031 231 3086 et
242 3037 350 3106 unguo
360 3023 436 3085 bene
448 3024 570 3105 repoani
577 3071 587 3101 ‚
608 3026 792 3105 opprobunte
802 3024 914 3085 ibidem
929 3024 1070 3102 Virgilio:

410 3107 578 3169 Ohacuenue
589 3107 691 3192 pelugi
700 3109 780 3171 ferro
791 3108 913 3171 foedere
925 3109 1075 3176 volueret.

97 3190 201 3255 Attina
211 3190 359 3275 Telepho:
411 3192 533 3273 lamjnrn
547 3193 671 3274 atupidu
684 3193 823 3255 Theaeala
836 3214 941 3255 aomno

411 3278 537 3341 Pectora
549 3278 749 3359 langueotqne
761 3288 932 3361 aeuoutqne.

95 3359 147 3426 ld.
167 3360 336 3444 Euryuoee
408 3363 506 3443 Super
520 3364 631 3424 Oceani
645 3373 748 3443 atoguo
763 3365 822 3425 altu
836 3368 930 3445 patria

411 3448 573 3508 Terrarum
588 3448 721 3509 uuiroctu
734 3450 869 3511 reviaana.

95 3528 250 3594 Pacnriua
262 3528 395 3613 Niptriar
414 3563 460 3580 -
477 3564 521 3578 -
541 3532 679 3614 operite,
699 3529 866 3612 abaeedite,
884 3528 1005 3614 jamja'm

411 3616 537 3677 Mittiter
558 3638 626 3678 nrm
644 3627 801 3679 attrectatu
816 3627 846 3679 et
858 3637 969 3699 quaaan

413 3702 538 3762 Saevum
555 3700 736 3782 amplificati
749 3702 894 3763 dolorem.

94 3783 200 3847 narina
210 3778 388 3848 Philoctetae
407 3785 476 3847 lieu
489 3787 556 3866 quia
572 3786 656 3846 aeiaia
668 3785 804 3848 fluctibn’
818 3785 941 3849 mandet

408 3871 457 3934 Me
469 3891 509 3932 ex
520 3871 641 3931 anbliani
653 3872 766 3935 vertice
779 3872 868 3932 eunii

409 3955 532 4036 Jamjam
550 3957 702 4017 absumor:
723 3956 844 4017 coniicit
858 3956 988 4017 animum

409 4039 463 4103 via
478 4040 622 4121 volucria,
643 4040 753 4103 ulceris
767 4049 874 4103 ueatue.

91 4123 180 4187 idern
202 4145 220 4191 a
242 4124 284 4185 ud
303 4125 365 4188 Cic.
385 4130 417 4192 Ω.
437 4126 557 4188 Turoni·
600 4124 710 4201 „Unde
731 4125 807 4205 ignia
827 4124 910 4187 lucet
925 4123 1102 4188 mortalium
1116 4124 1194 4186 clena

91 4144 242 4270 ‹liuieuai²
256 4231 325 4270 euna
341 4210 448 4271 doctua
469 4208 664 4271 Prometheae
687 4211 826 4291 clepeiaae
847 4210 917 4273 dolo
934 4231 1109 4295 poenaeque
1127 4211 1194 4271 lovi

89 4293 159 4441 {2⁰
172 4294 350 4440 caedendieee
362 4297 534 4380 eupruno.“
576 4294 637 4371 Qui
657 4294 743 4358 locua
760 4296 806 4359 uio
823 4295 863 4357 ad
874 4305 1050 4381 enapoeatca
1062 4315 1133 4358 auoa
1149 4303 1194 4357 eat

151 4396 224 4441 noun
247 4399 293 4442 ιιι.

399 4463 485 4527 Unde
499 4464 593 4548 igneis
605 4461 686 4528 eluet
699 4466 909 4531 innomuuu’
