2936 4996
252 417 331 494 746
696 410 903 483 ΒΕΝΤΒΕΙΙ

250 605 287 650 ra
305 583 463 663 debemus,
490 605 561 661 cur,
581 584 723 663 obsecro,
753 578 890 667 Inaivenc
911 584 1039 663 netem,
1059 605 1121 649 non
1139 581 1262 652 Incede
1275 589 1347 651 Me·
1454 664 1455 667 Ἴ

250 665 349 735 tlte?
373 693 441 733 nam
460 671 543 751 Syria
562 680 609 732 est
632 670 806 749 Jsllrnnon,
834 680 870 733 ut
893 691 991 733 man
1010 671 1085 734 viris
1106 669 1239 737 Issoeais.
1287 673 1347 734 Sed
1454 672 1455 703 l

251 743 639 833 meiaibicenneueeem,
661 755 713 836 qui
728 777 760 837 p.
784 756 856 822 874.
875 757 1020 821 Λατίνων
1039 780 1103 833 rar,
1125 758 1184 834 ait,
1206 751 1347 838 lorisve„

250 834 392 922 Hepoilea
410 834 711 925 προσαγορευόμενος.
761 840 843 901 Scies
865 850 965 904 sutem
989 842 1022 903 in
1044 850 1170 922 qnentss
1194 843 1347 922 angustis·

250 925 374 988 adducti
385 936 465 1002 anot,
486 944 555 985 cum
567 923 701 986 homines
713 921 786 1005 χθὲς
799 925 851 989 ecl
863 923 971 1008 erpoino
983 922 1142 1027 γεγονότος
1156 928 1279 988 noculo
1295 927 1346 988 de-

248 1032 332 1073 mum
345 1032 412 1078 xrv.
433 1018 504 1092 post
518 1009 670 1071 Christum
685 1020 787 1071 netum
802 1010 966 1072 inveterets
981 1033 1042 1094 Jsm
1063 1011 1219 1091 berberis,
1240 1031 1346 1073 csosse

249 1117 321 1158 snae
335 1106 475 1177 petrones
494 1093 647 1175 odoptent.
688 1098 762 1157 Rem
781 1115 851 1156 sane
867 1096 998 1177 lepidam
1019 1106 1050 1157 et
1067 1096 1214 1177 jocosam.
1258 1098 1346 1157 loan-

247 1201 301 1244 nes
315 1179 365 1240 bic
377 1177 584 1241 Antiochensis
599 1179 674 1241 bene
695 1181 808 1241 Graece
823 1180 950 1245 Metita
967 1179 1030 1242 dici
1050 1191 1163 1260 potest,
1185 1182 1257 1262 quis
1270 1181 1344 1242 ltslo

248 1265 368 1327 cuidem
387 1285 495 1326 nomen
516 1275 580 1325 ernt
605 1261 754 1326 Giononrai
776 1262 906 1327 Pes-olto.
948 1267 998 1328 Sic
1018 1267 1097 1326 anim
1115 1267 1345 1328 &nummos

244 1369 279 1432 p·
295 1351 365 1416 174.
388 1345 531 1412 Μάλιστα
543 1347 578 1411 tt
594 1345 746 1424 Nrtsoooio
759 1345 899 1432 Hrpo'lso
913 1348 932 1417 l
948 1345 1208 1435 circestrensis.
1253 1353 1343 1412 Gree-
1454 1412 1455 1423 ,

248 1454 303 1496 cna
315 1434 374 1511 iate
389 1444 434 1496 est
447 1454 544 1496 sermo
560 1432 738 1494 hodiernus:
759 1434 802 1494 ite
821 1434 933 1513 giostre
947 1439 1106 1516 rtoaiosps,
1125 1436 1248 1516 gingius
1267 1438 1343 1511 stau·
1454 1436 1455 1517 l

246 1520 348 1600 itinn,
367 1520 455 1601 jecur
467 1511 654 1601 οτξηγοὶριον.
696 1517 777 1580 Vah!
806 1540 892 1599 qoam
915 1521 1004 1582 velim
1048 1520 1261 1599 regredientur
1277 1522 1345 1582 lon-
1454 1532 1455 1623 p

247 1604 333 1683 gius,
354 1614 445 1686 atque
457 1624 516 1665 nno
533 1623 622 1684 opero
635 1603 766 1684 probent
779 1600 932 1681 Nrtsonois
943 1544 1070 1669 Mutii«
1084 1603 1343 1683 dicendumlessas

247 1689 363 1750 lacinus
378 1691 430 1768 pol
446 1708 583 1768 magnum
598 1698 629 1749 et
644 1688 836 1752 memorabile
856 1690 990 1752 iecerint.
1031 1689 1113 1752 Illud
1129 1708 1204 1751 vero
1221 1690 1344 1767 durum,

247 1772 333 1851 quod
346 1774 428 1855 epod
446 1773 654 1853 Theophanem
680 1783 726 1835 est
740 1771 910 1852 Ιωᾶννηςᾶ
930 1776 1054 1858 tetetev
1074 1778 1214 1855 Hposilo.
1257 1775 1344 1834 Nece

247 1857 369 1919 Victore
382 1858 478 1919 solum
498 1867 627 1920 vocatur
639 1855 786 1937 Hemalo,
806 1858 859 1921 eed
873 1861 1028 1922 Δοοοωίο
1047 1859 1152 1938 etiam,
1172 1860 1227 1941 qni
1244 1856 1343 1919 Theo·

246 1940 376 2024 phenern
387 1943 418 2004 in
431 1943 567 2004 Lafinum
589 1943 749 2005 convertite
770 1946 942 2008 ebibereto
966 1945 1094 2006 lliorono
1109 1946 1239 2005 losnnas
1250 1943 1341 2019 Hela3

246 2027 306 2087 nisi
319 2027 444 2089 iortssee
460 2028 612 2108 depravati
629 2039 700 2090 snnt
720 2029 847 2093 codices.
887 2031 935 2092 Ex
952 2030 1077 2092 Graecis
1096 2049 1169 2089 vero
1187 2027 1342 2110 scriptori-

246 2111 306 2173 bus
324 2113 405 2173 solus
422 2110 618 2193 Theophanes
643 2122 673 2174 et
692 2114 784 2173 semel
804 2115 952 2176 duntaxet
970 2113 1153 2194 cognominis
1174 2114 1242 2191 ajne
1259 2132 1343 2173 men·

247 2198 358 2257 tionem
375 2198 462 2261 lecit:
490 2196 613 2257 caeteris
640 2197 817 2276 simpliciter
837 2200 964 2261 loannes
987 2209 1132 2267 semem.
1165 2195 1340 2277 Nicephoro

150 2286 176 2340 0
194 2284 230 2341 tt
245 2280 454 2357 Petriorchse‚
488 2279 658 2361 Nicephoro
691 2283 831 2359 Colliat03
870 2285 950 2345 sicut
978 2293 1008 2343 et
1033 2281 1157 2343 ueneno
1181 2282 1341 2362 Byzantio,

247 2365 457 2444 Clrronicoque
476 2364 631 2429 01ientali.
680 2366 749 2442 Quo
770 2367 862 2448 nangis
884 2366 1035 2444 adducor,
1061 2377 1097 2428 ut
1114 2367 1260 2427 vitiosum
1277 2384 1340 2426 esse

243 2451 322 2512 illud
339 2451 465 2511 verbnm
488 2450 671 2528 existimem
702 2461 731 2512 et
749 2452 839 2514 ietum
859 2453 990 2535 apicem,
1023 2451 1129 2532 quiin
1147 2451 1235 2513 libris
1256 2450 1337 2511 usn

243 2534 482 2597 terminationem
501 2559 538 2609 ος
558 2536 674 2614 signore
695 2535 788 2612 solet,
811 2537 847 2597 ab
869 2537 1033 2615 indiligenti
1045 2535 1176 2605 libror-io
1194 2544 1340 2598 mutatam

243 2640 308 2681 esse
321 2620 369 2679 vel
388 2619 637 2701 proetermissum.
679 2620 855 2682 Praesertim
875 2642 943 2683 cum
960 2632 1067 2682 cuncte
1086 2620 1119 2681 id
1134 2639 1231 2697 genus
1245 2620 1339 2681 norni-

242 2725 283 2767 ne
298 2714 416 2785 praeter
431 2704 489 2764 hoc
505 2724 599 2765 unum
613 2704 650 2765 eb
660 2704 738 2786 ,ipso
760 2704 942 2787 Theophane
962 2726 1018 2787 per
1039 2727 1076 2780 er
1097 2705 1189 2766 scribi
1204 2704 1339 2777 videaur

246 2789 383 2869 Apiolae,
421 2790 565 2866 Arallnc,
600 2788 789 2871 Monoilpnc‚
824 2787 1019 2873 Αβουλᾶβας,
1058 2792 1243 2866 Κουῐζὶνας,
1280 2789 1338 2847 ⁸15⁸

244 2874 473 2954 quamplurima.
514 2874 617 2954 lisque
629 2872 689 2936 hoc
701 2876 733 2935 in
750 2876 836 2952 loco,
856 2886 891 2937 ut
905 2897 969 2938 mea
983 2876 1044 2937 fert
1059 2876 1177 2956 opinio,
1199 2875 1280 2933 iacta
1294 2880 1338 2932 ast

243 2958 419 3040 Theophani
435 2959 556 3040 injurio.
596 2961 673 3034 Nec,
695 2960 778 3040 quod
796 2961 964 3023 hnmteaius
979 2970 1011 3022 et
1022 2954 1273 3020 VictorHearulo
1284 2956 1338 3015 La·

242 3045 306 3103 tine
318 3056 508 3124 nuncupant,
527 3064 590 3104 non
607 3042 774 3125 Hemulos3
799 3047 891 3125 magis
903 3047 937 3107 id
951 3063 1119 3125 qunrqusm
1142 3062 1267 3103 morere
1287 3040 1337 3102 de·

241 3128 310 3203 bet,
333 3148 421 3206 quern
438 3128 520 3208 quod
534 3128 624 3188 Attila
637 3151 653 3188 a
668 3130 777 3189 Latinio
789 3130 913 3204 dicitur,
936 3130 988 3207 qui
1002 3128 1122 3188 Graecis
1140 3136 1186 3187 eet
1202 3128 1336 3199 nanee

241 3213 317 3273 Nam
334 3212 489 3291 peregrine
504 3212 684 3292 ejuscemodi
700 3217 818 3273 nomine
835 3213 941 3274 Graeci
953 3212 1109 3294 Latinique
1123 3212 1222 3272 neutri
1245 3211 1282 3270 sb
1294 3212 1335 3269 el·

241 3297 329 3369 teris,
353 3296 406 3356 sed
421 3295 457 3354 nb
470 3296 543 3376 ipeie
558 3295 697 3356 Borberis
711 3298 830 3377 utrique
843 3295 1033 3379 acceperunt.
1076 3298 1152 3358 Toto
1163 3297 1259 3376 igitur
1270 3314 1335 3355 oos-

241 3384 274 3444 lo
289 3383 400 3443 erravit
414 3381 599 3453 Priscianus,
622 3401 690 3441 cum
707 3380 801 3444 Turio
822 3392 853 3445 et
871 3379 1018 3466 Bago-nelo
1037 3381 1177 3460 (Africae
1197 3391 1268 3441 sunt
1281 3381 1335 3439 iau

240 3467 385 3543 flumina)
406 3465 549 3528 declinari
560 3476 675 3546 putsts
693 3469 820 3550 Tooplor
835 3478 867 3530 et
881 3463 1046 3548 Bnypc'boc.
1088 3466 1252 3527 AGraecis
1270 3464 1336 3543 qni·

240 3552 309 3612 nem
325 3547 433 3632 Ιόβος,
455 3552 601 3631 Mestum
621 3559 652 3612 et
664 3547 785 3633 Boipsee
802 3563 872 3614 sunt
890 3552 982 3630 dicti,
1003 3550 1057 3630 qui
1080 3572 1100 3611 e
1120 3550 1233 3610 Latinis
1251 3548 1335 3623 lube,

239 3635 384 3715 Micipsa,
411 3636 516 3696 Beros.
562 3636 623 3696 Nec
642 3645 741 3697 tamen
760 3635 836 3699 haec
857 3656 932 3718 quoe
951 3635 1090 3716 proxime
1107 3634 1279 3709 nominari,
1297 3631 1335 3690 rie

240 3720 366 3781 Graecia
382 3724 477 3802 petito
500 3730 584 3796 snnt;
613 3719 666 3781 sod
686 3740 726 3782 ex
743 3723 845 3783 Africa
866 3730 948 3784 recto
967 3721 1074 3782 itinere
1092 3719 1253 3801 deportata
1267 3722 1336 3775 sess

237 3805 270 3867 in
284 3805 408 3868 ltaliam
453 3805 533 3879 Quid
555 3806 649 3878 enim,
676 3826 745 3867 cum
765 3807 809 3867 illi
831 3807 985 3885 Apelleae,
1013 3806 1149 3886 Αννίβας
1167 3801 1335 3883 proferunt,

236 3887 269 3952 bi
285 3890 435 3951 llomilcor
448 3899 479 3949 ot
491 3889 655 3961 Honnibsl;
677 3911 738 3952 non
754 3890 831 3967 signi
849 3890 910 3952 lroc
930 3891 1001 3952 satis
1020 3899 1080 3965 est,
1105 3886 1184 3948 unde
1207 3896 1336 3963 cunque

239 3987 309 4036 snnt
321 3973 484 4036 accersita?
506 3975 617 4055 Nempe
631 3973 663 4034 hi
679 3977 839 4037 masculina
861 3975 981 4037 nomine
995 3973 1133 4034 hiricena
1148 3972 1180 4031 in
1199 3972 1226 4030 Δ
1240 3969 1336 4029 hben-

143 4063 167 4118 V
185 4059 221 4120 u
238 4069 284 4121 ter
299 4058 483 4133 retinebunt;
507 4059 690 4119 Graecorum
711 4081 797 4122 suros
820 4056 961 4140 t'nnqusm
981 4057 1091 4118 sbeom
1110 4064 1140 4117 et
1155 4053 1336 4115 inconcinne

235 4143 443 4227 repudiabant
463 4142 523 4203 Sed
538 4154 572 4205 ut
587 4143 748 4204 concedam
767 4144 843 4205 illud
856 4148 984 4224 Hpoaito
1002 4164 1021 4200 e
1033 4137 1217 4221 Theophane
1234 4139 1337 4220 prois-

238 4240 322 4291 ctum
336 4248 413 4292 esse:
435 4247 495 4287 non
517 4246 572 4307 ego
594 4227 773 4289 Monachum
791 4229 921 4308 aliquem
935 4225 1078 4287 sdversne
1101 4226 1236 4285 omnium
1248 4234 1335 4284 anto·

238 4315 359 4375 ritatem
373 4313 544 4390 megiatroni
556 4311 675 4373 dicendi
687 4332 796 4393 cepere
812 4312 919 4389 velim3
939 4310 991 4372 sed
1012 4309 1099 4371 ilium
1116 4310 1217 4390 ipsum
1231 4308 1271 4369 sd
1284 4327 1335 4368 sas·

237 4397 329 4459 tionis
341 4417 412 4458 sure
425 4397 611 4479 exemplum,
632 4397 712 4460 addo
726 4397 817 4460 etism
831 4416 933 4475 suum,
955 4414 1145 4477 componere.
1189 4394 1247 4456 Vir
1258 4392 1334 4454 mol·
