2950 4994
371 1141 975 1257 PRAEFATIO

209 1350 619 1428 nuuovlcl
667 1353 1124 1427 vultuosum.

124 1703 266 1815 loconis
294 1741 445 1815 Malaita
474 1743 777 1840 chronographiae
805 1767 891 1817 unus
917 1756 969 1818 cst
994 1748 1102 1819 codex
1124 1745 1222 1819 Oro-

124 1849 241 1918 rdonsis
267 1847 517 1938 Baroccianus,
550 1871 593 1919 ex
625 1870 694 1939 quo
726 1849 929 1944 descriptam
964 1851 1009 1919 uh
1037 1851 1222 1921 Edmumh

125 1950 336 2040 Ghiirueado,
361 1975 465 2043 qunru
486 1954 637 2021 ismorto
654 1961 852 2045 praeventus
870 1962 967 2040 esset,
991 1947 1098 2023 edidit
1110 1954 1223 2023 Hum-

124 2054 237 2124 hodrrs
263 2055 397 2124 Hodius
432 2056 530 2145 eique
562 2056 608 2123 ita
632 2053 802 2147 praefatus
829 2063 881 2122 est
909 2064 948 2123 ut
981 2055 1066 2124 mihi
1091 2056 1136 2145 do
1160 2079 1223 2125 co·

126 2156 198 2227 dico
231 2166 268 2226 et
300 2156 502 2226 Chilmeado
531 2156 629 2242 nihil,
661 2178 771 2248 pauca
803 2155 1036 2249 descriptore
1067 2168 1102 2226 et
1124 2157 1223 2229 huius

125 2260 275 2328 editionis
301 2260 429 2329 ratione
454 2259 598 2327 dicenda
623 2260 797 2351 supersint
848 2259 980 2328 loannis
1012 2260 1099 2329 libro
1125 2258 1222 2331 Oxo-

125 2362 225 2430 nieusi
250 2384 356 2452 quom
376 2370 411 2430 ct
433 2360 513 2430 initii
538 2383 618 2454 pars
642 2384 711 2428 uon
733 2360 852 2453 exigua
882 2371 916 2429 et
940 2362 1001 2430 suh
1026 2363 1130 2430 finem
1154 2383 1223 2431 non

126 2472 250 2533 constat
275 2473 401 2553 qunuta
434 2464 586 2556 perierit,
617 2463 703 2531 illius
734 2463 894 2531 iacturam
925 2465 1020 2532 sarsit
1050 2463 1222 2534 Chihnea-

126 2566 184 2635 dus
215 2588 260 2635 ex
286 2566 353 2634 alio
387 2565 542 2645 eiusdem¹
561 2566 786 2635 bibliothecae
816 2566 1076 2659 chronographo
1102 2590 1222 2637 ruanu·

126 2668 265 2762 scripto,
300 2690 402 2758 quom
433 2668 621 2762 Georgium
652 2669 856 2737 monachum
889 2692 979 2757 esse,
1009 2670 1115 2763 ruigo
1146 2670 1222 2739 Ha·

126 2772 303 2839 mutulam
334 2771 478 2859 dictum,
517 2772 579 2840 sibi
617 2773 779 2865 persuasit
810 2771 960 2840 Hodius:
998 2771 1079 2840 mihi
1111 2773 1222 2866 ipsum

126 2873 300 2943 exordium
330 2896 409 2944 eum
430 2875 582 2968 >(r'reorgii
615 2876 779 2968 particula
810 2875 854 2942 ab
880 2875 1003 2943 Allatio
1032 2875 1121 2945 edita
1140 2898 1223 2945 non

124 2976 168 3046 iu
198 2979 378 3047 convenire
409 2979 516 3047 risum
549 2986 616 3064 est,
655 2981 736 3067 quin
769 2979 965 3069 scriptorem
996 2975 1221 3056 Oxonicnscm

126 3077 313 3173 Georgium
338 3104 381 3149 uu
406 3103 509 3171 quern
539 3083 640 3150 aliurn
665 3081 783 3149 haberi
807 3089 965 3171 oporteat
996 3080 1065 3149 eins
1100 3081 1221 3150 iudicio

124 3183 313 3273 relinquero
333 3184 505 3253 induerim
527 3186 582 3252 cui
602 3186 766 3278 integram
788 3194 878 3251 corte
904 3193 1037 3275 partem
1061 3185 1105 3251 ab
1125 3183 1221 3254 chit-

123 3284 247 3353 rnc‘sdo
273 3284 398 3355 editam
423 3309 500 3356 oum
525 3287 679 3381 Georgio
711 3286 934 3355 contendendi
959 3289 1057 3378 copia
1090 3296 1124 3355 et
1149 3288 1220 3354 ani-

122 3408 197 3455 ιιιιι
228 3388 339 3461 fuerit
394 3389 509 3476 Quum
542 3392 630 3459 enirn
657 3390 990 3482 chronographorum
1017 3391 1222 3480 Byzantino-

123 3511 200 3558 rum
224 3490 309 3558 alter
333 3493 466 3563 alterius
491 3493 584 3563 simia
608 3495 666 3580 sit,
702 3493 729 3562 si
761 3494 819 3582 qui
843 3516 907 3585 per
931 3493 1058 3583 aliquot
1081 3494 1222 3583 paginas

124 3590 172 3661 sd
193 3592 336 3663 uerbum
357 3619 471 3665 secum
491 3599 714 3683 consentiunt,
742 3618 810 3664 non
838 3604 890 3664 est
916 3617 977 3662 cur
1001 3581 1221 3663 existimemus

124 3717 193 3764 nou
225 3718 300 3765 esso
329 3696 479 3768 homines
512 3698 597 3766 iuter
629 3722 666 3768 se
691 3699 848 3768 diversos.
899 3697 1078 3766 Extremae
1110 3708 1222 3767 autem

123 3796 274 3866 Matala
325 3802 428 3890 partis
470 3801 667 3870 detrimento
716 3822 819 3889 quum
856 3801 1020 3868 incertum
1058 3800 1219 3869 reddatur

124 3899 367 3970 concluseritne
405 3901 460 3969 iiie
498 3925 575 3972 cum
605 3903 782 3972 Iustiniano
814 3925 858 3972 an
882 3903 1018 3971 ulterius
1045 3901 1221 3971 deduxerit

5 3988 6 4009 ἲ
124 4001 436 4097 chronographirm
468 4023 577 4091 uuam,
612 4029 722 4097 eoque
755 4007 861 4074 maior
897 4006 1022 4074 oriatur
1056 4005 1219 4074 dubitatio

122 4107 259 4195 qnando
279 4108 357 4199 ipse
377 4107 543 4198 putandus
564 4109 605 4177 sit
624 4110 758 4195 uixisse,
785 4108 917 4178 Hodius
940 4108 1029 4177 omni
1050 4131 1117 4200 ope
1140 4131 1219 4177 con-

123 4209 231 4277 tendit
249 4218 287 4278 ut
306 4210 442 4279 saeculo
453 4232 542 4279 nono
567 4212 691 4281 ineunti
711 4211 907 4281 admoveret
929 4211 1127 4304 scriptorem
1143 4221 1219 4279 tau-

122 4318 178 4377 tao
211 4313 361 4383 idscitiao
394 4322 428 4381 et
459 4313 633 4382 barbariae
673 4324 798 4405 quanta
828 4316 864 4383 in
896 4337 1014 4383 aevum
1041 4314 1219 4382 Iustiniano

122 4416 350 4507 propurqoum
373 4415 496 4489 cadero
520 4419 553 4486 ei
584 4439 653 4486 non
676 4440 779 4512 posse
804 4416 980 4488 videretur.
1040 4416 1220 4505 Quumque
