2912 5000
470 494 821 566 ANNOTATIONES
1119 512 1192 584 627

187 675 269 754 Pap·
291 669 364 739 885.
388 674 421 736 ἲ.
441 663 460 734 ‘o'
480 667 561 733 ἐστιν
582 669 809 751 Εξαωονίτης.]
834 668 1016 750 bergomum,
1031 679 1194 761 Εξωςιρρῑ.

105 781 174 839 της,
196 759 241 818 uti
255 777 345 838 supra
360 755 537 816 monuimus.
587 754 657 817 chr.
671 754 869 817 Alexandrini
888 758 1035 840 interpres
1050 767 1108 824 is'ta
1121 768 1193 825 Ata·

104 844 230 904 larinum
249 841 396 922 respicere
415 841 496 901 vulta
525 841 587 920 Ego
608 860 681 900 vero
700 837 739 898 sd
757 839 975 903 'l'beuderieum
996 848 1098 924 potius
1114 850 1192 910 rese-

103 929 194 988 renda
208 929 363 998 existimo,
386 925 572 1007 quiquidem
588 925 712 986 brianus
726 935 803 987 erat:
825 946 917 1006 quum
932 925 1132 1006 athalaricus,
1154 936 1193 993 ob

103 1023 228 1073 aetatem
244 1023 390 1087 teneram,
412 1013 567 1087 (octennis
581 1014 658 1071 enim
677 1018 810 1088 unium,
832 1022 867 1072 ut
879 1013 1044 1095 Procopius
1062 1017 1191 1079 Gotthio.

101 1098 175 1162 ll.
203 1098 255 1157 vel
276 1096 379 1156 saltem
399 1097 456 1157 vix
477 1096 632 1169 decennia,
662 1104 698 1156 ut
716 1094 877 1157 lornandes
896 1099 979 1174 vult,
1008 1100 1049 1161 ad
1069 1121 1192 1183 regnum

102 1191 225 1243 erectus
247 1176 312 1265 est)
333 1180 372 1241 de
398 1181 595 1243 controversia
618 1180 688 1241 fidei
709 1181 848 1242 Articulis
869 1189 904 1242 ut
921 1203 1029 1264 parum
1049 1188 1193 1248 sollicitus

102 1267 212 1342 fuerit,
236 1286 353 1326 necesse
368 1275 421 1328 est.

187 1357 263 1433 Peg.
284 1354 356 1417 ³86.
387 1350 436 1415 16.
464 1343 602 1429 ὄρχιστοίς
619 1340 770 1430 ίμμᾶίονς
788 1345 914 1431 propola
933 1350 1105 1436 τέσσαρας]
1126 1358 1192 1421 Ser.

101 1431 251 1516 ὀρχησταῖς
269 1429 451 1515 ίμμοίίίονςς
478 1444 512 1494 ut
532 1434 610 1494 inira
629 1437 717 1496 etiam
743 1430 884 1493 babemus
903 1432 1133 1517 Χροσίμσίίον,
1162 1448 1194 1503 et

102 1516 320 1601 Καρᾶμαλίον·
357 1539 434 1599 quse
461 1518 559 1579 omnia
585 1541 604 1577 a
630 1512 758 1595 ωαίίὸς,
787 1514 895 1594 uellus,
927 1520 1016 1582 Coma
1036 1528 1193 1604 promissa,

101 1607 268 1686 composita
281 1604 430 1665 videatur.
473 1603 585 1664 Verum
598 1601 678 1664 unde
691 1601 809 1661 nomina
832 1602 889 1663 ieta
903 1604 1108 1681 saltatoribus,
1128 1608 1193 1672 aive

101 1691 294 1752 Pratomiruis
313 1687 397 1749 bisce
416 1687 508 1749 indita
531 1688 659 1763 luerint,
685 1685 814 1748 libenter
833 1686 871 1746 ab
897 1687 998 1769 aliquo
1021 1693 1193 1772 ediscerem,

100 1786 202 1835 utrum
217 1775 255 1834 ab
270 1774 411 1852 Insignis,
432 1773 496 1833 sive
511 1771 678 1833 indumenti
698 1790 803 1850 genere
826 1771 971 1849 quodam,
992 1795 1099 1836 neuner
1120 1798 1194 1857 pro·

99 1861 168 1941 pria
181 1861 263 1920 enim
276 1879 378 1919 eorum
393 1857 510 1918 nomine
524 1856 598 1917 haee
613 1878 671 1917 non
692 1857 782 1917 fuisse
790 1901 800 1933 ,
821 1854 860 1915 ei
876 1858 1016 1918 Auctoris
1033 1861 1131 1922 verbis
1145 1884 1192 1924 aa·

99 1948 138 2005 tis
152 1952 296 2025 apparet,
317 1952 347 2002 et
362 1941 444 2023 quod
457 1941 618 2021 unicuique
633 1961 734 2002 eorum
755 1959 860 2002 vocem
877 1940 1024 2020 ίμμαίίον
1047 1947 1192 2018 attribuit.

100 2030 300 2089 Caramalium
316 2036 431 2104 tamen,
452 2027 666 2088 Pantomimum
680 2026 827 2102 nobilem,
847 2046 864 2084 a
884 2026 1087 2108 Scriptoribua
1103 2033 1193 2093 variis

98 2123 299 2176 memoratum
313 2112 447 2172 invenio:
468 2113 546 2171 inter
558 2132 635 2191 quos
649 2111 828 2191 Apollinaris
846 2110 1001 2189 Sidonius,
1023 2115 1121 2180 Canu.
1139 2123 1191 2184 23.

99 2200 138 2260 ad
153 2198 347 2260 Consentium
359 2194 540 2257 Narbonem,
552 2194 627 2256 haec
640 2193 746 2257 hebete

267 2279 419 2343 Ceramia
437 2278 640 2357 Caramallus,
663 2294 715 2340 aut
728 2276 891 2359 Phabaton,

267 2361 556 2451 Clausisfuueibus‚
579 2379 607 2426 et
618 2363 752 2449 loquente
763 2378 853 2444 gestu,

266 2446 367 2524 Nutu,
388 2471 488 2522 crure,
508 2472 600 2530 gerru,
622 2472 725 2521 manu,
748 2462 856 2527 rotata,

271 2535 347 2593 Toto
362 2534 393 2593 in
405 2530 551 2595 sabrmute
562 2531 609 2594 uel
622 2531 709 2593 semei
720 2530 833 2595 tacebis

98 2618 144 2679 lle
167 2618 266 2678 altero
286 2617 340 2676 illo
361 2615 522 2702 χειρονὸμῳ
545 2616 620 2677 nihil
641 2617 710 2676 alibi
729 2617 849 2695 inveni3
874 2636 978 2679 verum
999 2618 1193 2683 cursualium

95 2702 185 2764 lianc
197 2704 296 2783 ipsum
306 2703 444 2762 Auctoris
456 2702 552 2775 nostri
563 2702 779 2762 saltatriculum
793 2703 885 2763 luisse
899 2702 986 2765 facile
1001 2704 1193 2768 credideriut

96 2787 184 2848 lrisue
198 2788 277 2847 enirn
292 2786 367 2867 ipsis
382 2788 507 2847 Zenonis
521 2787 595 2867 lmp.
614 2787 813 2866 temporibus,
835 2808 895 2867 quo
915 2788 1095 2849 Caramallus
1114 2792 1193 2850 Con,

98 2872 328 2952 stantioopolim
343 2871 490 2932 adductus
511 2881 571 2947 eet,
597 2871 702 2932 lloruit
721 2873 910 2952 Apollinaris.
950 2873 1035 2933 Anne
1053 2871 1134 2933 buno
1149 2884 1193 2934 et·

97 2959 161 3018 iam
181 2957 325 3034 intelligat
345 2958 549 3037 Speusippus,
571 2956 609 3016 ad
631 2958 800 3017 Panaretam
821 2957 1031 3018 Pantomimam
1048 2959 1191 3030 scribens,

97 3041 183 3124 apud
201 3041 417 3102 Aristaenetum
433 3043 524 3122 Epist.
537 3040 578 3101 lib
594 3046 622 3107 1.
644 3062 693 3121 ep.
714 3046 764 3108 26.
785 3040 833 3100 hie
855 3041 968 3103 verbis:
990 3038 1193 3124 ίναίίμὸνον

96 3130 270 3207 προσφυῶς
291 3127 458 3207 μτμονμίνη
476 3123 526 3191 τίν
550 3120 748 3206 Καρᾶμαίλον
776 3122 830 3190 τίν
850 3121 933 3188 πάνυ
955 3122 1097 3190 «indutor
1119 3127 1193 3208 ἔχεις

95 3210 160 3291 τήν
182 3211 307 3292 μίμησιν
327 3206 454 3293 ἀκριβῆ,
476 3210 736 3273 videantEruditi.
778 3210 917 3271 Leontius
936 3211 1021 3271 etiam
1039 3211 1192 3292 Epigrnma

96 3296 223 3359 matista
242 3294 400 3375 Antbolog.
425 3296 475 3360 lib.
497 3297 526 3361 4.
576 3297 772 3357 Caramallum
792 3294 940 3376 quendum
963 3288 1112 3380 ὄρχηστήν
1132 3294 1192 3356 ίιοο

96 3379 234 3444 celebrat
250 3381 396 3442 earminer

268 3459 428 3530 Moundou
442 3457 568 3544 drudro,
590 3465 729 3545 Χαρίτων
743 3459 922 3572 Kopdpalla
929 3459 1061 3549 wulpen,

313 3545 455 3631 Τορωωλή
470 3545 625 3631 μερόπων.
646 3547 768 3629 ὅίστερος
781 3553 897 3632 αγίαίη.

260 3627 399 3713 Ὀμματᾶ
414 3654 478 3710 σοι,
498 3634 550 3697 καί
563 3630 656 3717 sapori
669 3629 840 3716 ποίηνερα,
861 3634 913 3699 καί
926 3630 1007 3711 σοφοί
1022 3637 1129 3715 χειροῖν

309 3713 461 3792 Aderat«,
482 3718 535 3781 καί
552 3722 692 3784 Mondaia
703 3720 870 3799 κρείσσονα,
890 3718 1102 3794 natitantem.

99 3804 149 3865 lle
181 3797 386 3879 cbrysomallo
407 3803 554 3863 Saltatore
583 3802 657 3864 nibil
686 3802 758 3864 mihi
789 3804 859 3863 alibi
883 3803 1029 3864 occurrit:
1060 3801 1190 3883 Chryso·

99 3886 225 3948 mallem
243 3894 341 3944 tamen
359 3885 572 3945 saltatriculam
594 3886 741 3967 quendem
764 3886 922 3965 babemus,
942 3884 1116 3948 'llreodorae
1132 3886 1191 3946 lm·

98 3969 277 4054 peratricia,
296 3970 453 4031 iustiniani
472 3970 592 4049 uxoris,
620 3973 742 4031 amicam
763 3971 953 4049 familiarem,
975 3972 1057 4052 apud
1079 3974 1190 4033 Proco-

99 4057 188 4138 pium
204 4055 384 4118 Caeaan'eus.
406 4055 438 4115 in
455 4055 567 4116 ilistor.
581 4055 687 4117 Arcen.
732 4056 934 4138 Χρυσομοίίαί
953 4054 986 4121 dl
1010 4051 1086 4137 αὕτη
1100 4051 1189 4119 πάλαι

99 4140 160 4222 μὲν
182 4132 336 4222 ὅρχηστρίς
358 4135 499 4225 ἐγεγόνει,
527 4139 578 4203 καί
600 4132 692 4215 αὖθις
713 4138 830 4222 ἑταίρα,
859 4152 917 4206 etc.
964 4141 1074 4201 Eadem
1099 4141 1190 4201 habes

98 4224 188 4331 ppud
218 4223 356 4285 suidam:
387 4221 589 4309 Χρυσοραίίοί
614 4220 710 4305 ’ὄνομα
736 4220 938 4308 ὀρχηστρίδος,
971 4220 1034 4288 εἶτα
1057 4224 1189 4304 ἑταίρας·

97 4313 236 4390 prepucia
255 4309 305 4373 lat
320 4314 527 4375 Ῑοοστιννανοῦ
542 4309 595 4373 καί
616 4304 786 4388 Θεοὸόρας.
830 4311 1006 4372 saltatorum
1023 4320 1118 4369 autem
1133 4309 1192 4367 iso-i

97 4414 170 4455 rum
186 4414 257 4454 usus
271 4405 335 4455 erat
348 4396 385 4455 ad
402 4396 508 4477 populi
523 4395 763 4467 oblectationem,
784 4395 837 4456 sed
852 4396 1013 4476 praecipue
1030 4394 1069 4453 ed
1083 4395 1190 4452 sedan·

97 4477 157 4540 doa
171 4478 349 4541 Factiouum
362 4481 604 4543 tumultuantium
622 4481 876 4562 frequentissimos
892 4489 1001 4541 motus.
1045 4478 1189 4537 Discinrus
