<?xml version="1.0" encoding="UTF-8"?>
<!DOCTYPE html PUBLIC "-//W3C//DTD XHTML 1.0 Transitional//EN"
    "http://www.w3.org/TR/xhtml1/DTD/xhtml1-transitional.dtd">
<html xmlns="http://www.w3.org/1999/xhtml" xml:lang="en" lang="en">
 <head>
  <title>
</title>
<meta http-equiv="Content-Type" content="text/html;charset=utf-8" />
  <meta name='ocr-system' content='tesseract 3.04.00' />
  <meta name='ocr-capabilities' content='ocr_page ocr_carea ocr_par ocr_line ocrx_word'/>
</head>
<body>
  <div class='ocr_page' id='page_1' title='image "./corpusscriptoru04berlgoog_0818.png"; bbox 0 0 2936 4996; ppageno 0'>
   <div class='ocr_carea' id='block_1_1' title="bbox 578 460 1235 550">
    <p class='ocr_par' dir='ltr' id='par_1_1' title="bbox 578 460 1235 550">
     <span class='ocr_line' id='line_1_1' title="bbox 578 460 1235 550; baseline -0.005 -17"><span class='ocrx_word' id='word_1_1' title='bbox 578 460 802 534; x_wconf 74' lang='lat' dir='ltr'><strong>urtsuouu</strong></span> <span class='ocrx_word' id='word_1_2' title='bbox 1159 472 1235 550; x_wconf 71' lang='lat'><strong>739</strong></span> 
     </span>
    </p>
   </div>
   <div class='ocr_carea' id='block_1_2' title="bbox 136 630 1330 2663">
    <p class='ocr_par' dir='ltr' id='par_1_2' title="bbox 136 630 1330 2663">
     <span class='ocr_line' id='line_1_2' title="bbox 139 630 1235 720; baseline -0.001 -21"><span class='ocrx_word' id='word_1_3' title='bbox 139 637 174 699; x_wconf 87' lang='lat' dir='ltr'><strong>in</strong></span> <span class='ocrx_word' id='word_1_4' title='bbox 188 635 215 700; x_wconf 76' lang='grc' dir='ltr'><strong>Α</strong></span> <span class='ocrx_word' id='word_1_5' title='bbox 228 646 348 716; x_wconf 81' lang='lat' dir='ltr'><strong>exeunt,</strong></span> <span class='ocrx_word' id='word_1_6' title='bbox 368 634 835 714; x_wconf 73' lang='lat' dir='ltr'><strong>sGrasoisinllectaoturiqu,</strong></span> <span class='ocrx_word' id='word_1_7' title='bbox 855 632 983 720; x_wconf 73' lang='grc' dir='ltr'><strong>Γάλβας,</strong></span> <span class='ocrx_word' id='word_1_8' title='bbox 1004 630 1131 718; x_wconf 71' lang='grc' dir='ltr'><strong>Σύλλας,</strong></span> <span class='ocrx_word' id='word_1_9' title='bbox 1154 645 1235 706; x_wconf 86' lang='grc' dir='ltr'><strong>Νου.</strong></span> 
     </span>
     <span class='ocr_line' id='line_1_3' title="bbox 140 721 1237 807; baseline 0.003 -21"><span class='ocrx_word' id='word_1_10' title='bbox 140 728 215 806; x_wconf 70' lang='grc' dir='ltr'><strong>μῦς,</strong></span> <span class='ocrx_word' id='word_1_11' title='bbox 236 723 376 800; x_wconf 65' lang='grc' dir='ltr'><strong>Σενέκας,</strong></span> <span class='ocrx_word' id='word_1_12' title='bbox 396 726 563 807; x_wconf 72' lang='grc' dir='ltr'><strong><em>Αγρίππας.</em></strong></span> <span class='ocrx_word' id='word_1_13' title='bbox 595 722 687 797; x_wconf 84' lang='lat' dir='ltr'><strong>Quod</strong></span> <span class='ocrx_word' id='word_1_14' title='bbox 700 721 726 782; x_wconf 90' lang='lat' dir='ltr'><strong>si</strong></span> <span class='ocrx_word' id='word_1_15' title='bbox 742 722 815 784; x_wconf 88' lang='lat' dir='ltr'><strong>adeo</strong></span> <span class='ocrx_word' id='word_1_16' title='bbox 828 722 888 804; x_wconf 85' lang='lat' dir='ltr'><strong>jam</strong></span> <span class='ocrx_word' id='word_1_17' title='bbox 901 724 1087 805; x_wconf 76' lang='lat' dir='ltr'><strong>exploratum</strong></span> <span class='ocrx_word' id='word_1_18' title='bbox 1104 734 1159 798; x_wconf 85' lang='lat' dir='ltr'><strong>est,</strong></span> <span class='ocrx_word' id='word_1_19' title='bbox 1181 747 1237 789; x_wconf 88' lang='lat' dir='ltr'><strong>no·</strong></span> 
     </span>
     <span class='ocr_line' id='line_1_4' title="bbox 139 806 1235 886; baseline 0.005 -17"><span class='ocrx_word' id='word_1_20' title='bbox 139 809 319 870; x_wconf 83' lang='lat' dir='ltr'><strong>minativum</strong></span> <span class='ocrx_word' id='word_1_21' title='bbox 350 810 496 869; x_wconf 84' lang='lat' dir='ltr'><strong>Graecum</strong></span> <span class='ocrx_word' id='word_1_22' title='bbox 525 827 588 869; x_wconf 87' lang='lat' dir='ltr'><strong>esse</strong></span> <span class='ocrx_word' id='word_1_23' title='bbox 607 806 765 883; x_wconf 63' lang='lat' dir='ltr'><strong>Mollior·</strong></span> <span class='ocrx_word' id='word_1_24' title='bbox 802 808 895 871; x_wconf 84' lang='lat' dir='ltr'><strong>nolim</strong></span> <span class='ocrx_word' id='word_1_25' title='bbox 916 827 971 886; x_wconf 81' lang='lat' dir='ltr'><strong>ego</strong></span> <span class='ocrx_word' id='word_1_26' title='bbox 993 810 1098 871; x_wconf 87' lang='lat' dir='ltr'><strong>Latine</strong></span> <span class='ocrx_word' id='word_1_27' title='bbox 1115 821 1235 874; x_wconf 81' lang='lat' dir='ltr'><strong>vertens</strong></span> 
     </span>
     <span class='ocr_line' id='line_1_5' title="bbox 139 892 1235 976; baseline 0.003 -22"><span class='ocrx_word' id='word_1_28' title='bbox 139 904 324 976; x_wconf 86' lang='lat' dir='ltr'><strong>postremsm</strong></span> <span class='ocrx_word' id='word_1_29' title='bbox 344 894 459 955; x_wconf 83' lang='lat' dir='ltr'><strong>literam</strong></span> <span class='ocrx_word' id='word_1_30' title='bbox 474 892 603 972; x_wconf 82' lang='lat' dir='ltr'><strong>objicere</strong></span> <span class='ocrx_word' id='word_1_31' title='bbox 621 900 865 970; x_wconf 85' lang='lat' dir='ltr'><strong>praetermorem</strong></span> <span class='ocrx_word' id='word_1_32' title='bbox 883 904 912 954; x_wconf 90' lang='lat' dir='ltr'><strong>et</strong></span> <span class='ocrx_word' id='word_1_33' title='bbox 928 895 1168 957; x_wconf 69' lang='lat' dir='ltr'>consuetudinem</span> <span class='ocrx_word' id='word_1_34' title='bbox 1182 917 1235 957; x_wconf 83' lang='lat' dir='ltr'><strong>eo·</strong></span> 
     </span>
     <span class='ocr_line' id='line_1_6' title="bbox 140 976 1236 1060; baseline 0.003 -20"><span class='ocrx_word' id='word_1_35' title='bbox 140 999 211 1040; x_wconf 85' lang='lat' dir='ltr'><strong>rum</strong></span> <span class='ocrx_word' id='word_1_36' title='bbox 225 988 407 1060; x_wconf 82' lang='lat' dir='ltr'><strong>temporum,</strong></span> <span class='ocrx_word' id='word_1_37' title='bbox 428 978 537 1058; x_wconf 89' lang='lat' dir='ltr'><strong>quibus</strong></span> <span class='ocrx_word' id='word_1_38' title='bbox 550 977 677 1037; x_wconf 85' lang='lat' dir='ltr'><strong>maxime</strong></span> <span class='ocrx_word' id='word_1_39' title='bbox 695 978 790 1055; x_wconf 70' lang='lat' dir='ltr'><strong>viguit</strong></span> <span class='ocrx_word' id='word_1_40' title='bbox 802 976 897 1038; x_wconf 84' lang='lat' dir='ltr'><strong>honos</strong></span> <span class='ocrx_word' id='word_1_41' title='bbox 911 988 940 1038; x_wconf 81' lang='lat' dir='ltr'><strong>ot</strong></span> <span class='ocrx_word' id='word_1_42' title='bbox 953 978 1045 1057; x_wconf 73' lang='lat' dir='ltr'><strong>gratio</strong></span> <span class='ocrx_word' id='word_1_43' title='bbox 1059 980 1153 1040; x_wconf 81' lang='lat' dir='ltr'><strong>Latini</strong></span> <span class='ocrx_word' id='word_1_44' title='bbox 1168 983 1236 1043; x_wconf 83' lang='lat' dir='ltr'><strong>Ser-</strong></span> 
     </span>
     <span class='ocr_line' id='line_1_7' title="bbox 138 1062 1234 1142; baseline 0.005 -18"><span class='ocrx_word' id='word_1_45' title='bbox 138 1066 250 1127; x_wconf 86' lang='lat' dir='ltr'><strong>monis.</strong></span> <span class='ocrx_word' id='word_1_46' title='bbox 294 1063 475 1123; x_wconf 76' lang='lat' dir='ltr'><strong>vetustiores</strong></span> <span class='ocrx_word' id='word_1_47' title='bbox 485 1062 620 1142; x_wconf 84' lang='lat' dir='ltr'><strong>quidem,</strong></span> <span class='ocrx_word' id='word_1_48' title='bbox 642 1070 674 1121; x_wconf 89' lang='lat' dir='ltr'><strong>ut</strong></span> <span class='ocrx_word' id='word_1_49' title='bbox 688 1072 776 1122; x_wconf 85' lang='lat' dir='ltr'><strong>autor</strong></span> <span class='ocrx_word' id='word_1_50' title='bbox 790 1071 832 1122; x_wconf 88' lang='lat' dir='ltr'><strong>ost</strong></span> <span class='ocrx_word' id='word_1_51' title='bbox 845 1062 1046 1137; x_wconf 68' lang='lat' dir='ltr'><strong>Quintilianus</strong></span> <span class='ocrx_word' id='word_1_52' title='bbox 1057 1063 1110 1124; x_wconf 88' lang='lat' dir='ltr'><strong>lib.</strong></span> <span class='ocrx_word' id='word_1_53' title='bbox 1124 1086 1147 1127; x_wconf 87' lang='lat'><strong>1.</strong></span> <span class='ocrx_word' id='word_1_54' title='bbox 1160 1086 1188 1127; x_wconf 91' lang='lat' dir='ltr'><strong>o.</strong></span> <span class='ocrx_word' id='word_1_55' title='bbox 1201 1084 1234 1130; x_wconf 80' lang='grc' dir='ltr'><strong>ν.</strong></span> 
     </span>
     <span class='ocr_line' id='line_1_8' title="bbox 140 1143 1236 1211; baseline 0.002 -3"><span class='ocrx_word' id='word_1_56' title='bbox 140 1145 214 1208; x_wconf 83' lang='lat' dir='ltr'><strong>Non</strong></span> <span class='ocrx_word' id='word_1_57' title='bbox 227 1150 258 1208; x_wconf 85' lang='lat' dir='ltr'><strong>in</strong></span> <span class='ocrx_word' id='word_1_58' title='bbox 271 1145 313 1209; x_wconf 85' lang='lat' dir='ltr'><strong>A.</strong></span> <span class='ocrx_word' id='word_1_59' title='bbox 327 1162 354 1207; x_wconf 83' lang='lat' dir='ltr'><strong>et</strong></span> <span class='ocrx_word' id='word_1_60' title='bbox 368 1145 402 1209; x_wconf 80' lang='lat' dir='ltr'><strong>S.</strong></span> <span class='ocrx_word' id='word_1_61' title='bbox 413 1144 514 1208; x_wconf 78' lang='lat' dir='ltr'><strong>literas</strong></span> <span class='ocrx_word' id='word_1_62' title='bbox 534 1149 617 1206; x_wconf 74' lang='lat' dir='ltr'><strong>exire</strong></span> <span class='ocrx_word' id='word_1_63' title='bbox 629 1160 732 1207; x_wconf 83' lang='lat' dir='ltr'><strong>temere</strong></span> <span class='ocrx_word' id='word_1_64' title='bbox 746 1145 912 1208; x_wconf 76' lang='lat' dir='ltr'><strong>masculino</strong></span> <span class='ocrx_word' id='word_1_65' title='bbox 930 1143 1043 1209; x_wconf 76' lang='lat' dir='ltr'><strong>Graeco</strong></span> <span class='ocrx_word' id='word_1_66' title='bbox 1056 1151 1174 1210; x_wconf 81' lang='lat' dir='ltr'><strong>nomino</strong></span> <span class='ocrx_word' id='word_1_67' title='bbox 1186 1173 1236 1211; x_wconf 84' lang='lat' dir='ltr'><strong>re-</strong></span> 
     </span>
     <span class='ocr_line' id='line_1_9' title="bbox 140 1225 1235 1313; baseline 0.001 -20"><span class='ocrx_word' id='word_1_68' title='bbox 140 1247 192 1293; x_wconf 77' lang='lat' dir='ltr'><strong>cto</strong></span> <span class='ocrx_word' id='word_1_69' title='bbox 210 1254 282 1293; x_wconf 84' lang='lat' dir='ltr'><strong>ooss</strong></span> <span class='ocrx_word' id='word_1_70' title='bbox 300 1230 496 1312; x_wconf 74' lang='lat' dir='ltr'><strong>potiebantur.</strong></span> <span class='ocrx_word' id='word_1_71' title='bbox 540 1228 667 1312; x_wconf 79' lang='lat' dir='ltr'><strong>Ideoque</strong></span> <span class='ocrx_word' id='word_1_72' title='bbox 685 1244 712 1289; x_wconf 86' lang='lat' dir='ltr'><strong>st</strong></span> <span class='ocrx_word' id='word_1_73' title='bbox 736 1229 818 1310; x_wconf 84' lang='lat' dir='ltr'><strong>opud</strong></span> <span class='ocrx_word' id='word_1_74' title='bbox 839 1225 968 1292; x_wconf 79' lang='lat' dir='ltr'><strong>Coelium</strong></span> <span class='ocrx_word' id='word_1_75' title='bbox 992 1229 1129 1313; x_wconf 78' lang='lat' dir='ltr'><strong>legimus,</strong></span> <span class='ocrx_word' id='word_1_76' title='bbox 1156 1234 1235 1294; x_wconf 79' lang='lat' dir='ltr'><strong>Pelia</strong></span> 
     </span>
     <span class='ocr_line' id='line_1_10' title="bbox 141 1311 1235 1397; baseline 0.004 -21"><span class='ocrx_word' id='word_1_77' title='bbox 141 1316 351 1390; x_wconf 63' lang='lat' dir='ltr'><strong>Cincinnatum</strong></span> <span class='ocrx_word' id='word_1_78' title='bbox 373 1330 400 1375; x_wconf 83' lang='lat' dir='ltr'><strong>et</strong></span> <span class='ocrx_word' id='word_1_79' title='bbox 422 1311 504 1397; x_wconf 84' lang='lat' dir='ltr'><strong>opud</strong></span> <span class='ocrx_word' id='word_1_80' title='bbox 519 1312 713 1390; x_wconf 77' lang='lat' dir='ltr'><strong>Messallam,</strong></span> <span class='ocrx_word' id='word_1_81' title='bbox 734 1315 884 1375; x_wconf 85' lang='lat' dir='ltr'><strong>Beuelecit</strong></span> <span class='ocrx_word' id='word_1_82' title='bbox 898 1313 1024 1388; x_wconf 79' lang='lat' dir='ltr'><strong>Euthia3</strong></span> <span class='ocrx_word' id='word_1_83' title='bbox 1051 1330 1078 1376; x_wconf 80' lang='lat' dir='ltr'><strong>st</strong></span> <span class='ocrx_word' id='word_1_84' title='bbox 1092 1314 1235 1397; x_wconf 78' lang='lat' dir='ltr'><strong>npudCi·</strong></span> 
     </span>
     <span class='ocr_line' id='line_1_11' title="bbox 141 1397 1236 1486; baseline -0.001 -22"><span class='ocrx_word' id='word_1_85' title='bbox 141 1422 290 1473; x_wconf 75' lang='lat' dir='ltr'><strong>neronem,</strong></span> <span class='ocrx_word' id='word_1_86' title='bbox 312 1400 507 1478; x_wconf 77' lang='lat' dir='ltr'><strong>Her-magones</strong></span> <span class='ocrx_word' id='word_1_87' title='bbox 527 1422 563 1458; x_wconf 80' lang='lat' dir='ltr'><strong>ne</strong></span> <span class='ocrx_word' id='word_1_88' title='bbox 576 1399 722 1473; x_wconf 73' lang='lat' dir='ltr'><strong>mirmur,</strong></span> <span class='ocrx_word' id='word_1_89' title='bbox 744 1398 825 1481; x_wconf 76' lang='lat' dir='ltr'><strong>quod</strong></span> <span class='ocrx_word' id='word_1_90' title='bbox 837 1397 876 1457; x_wconf 81' lang='lat' dir='ltr'><strong>od</strong></span> <span class='ocrx_word' id='word_1_91' title='bbox 894 1401 1078 1482; x_wconf 78' lang='lat' dir='ltr'><strong>antiquorum</strong></span> <span class='ocrx_word' id='word_1_92' title='bbox 1091 1398 1236 1486; x_wconf 79' lang='lat' dir='ltr'><strong>plerisque</strong></span> 
     </span>
     <span class='ocr_line' id='line_1_12' title="bbox 139 1481 1236 1564; baseline 0.002 -18"><span class='ocrx_word' id='word_1_93' title='bbox 139 1485 240 1547; x_wconf 75' lang='lat' dir='ltr'><strong>Aenos</strong></span> <span class='ocrx_word' id='word_1_94' title='bbox 256 1499 284 1545; x_wconf 81' lang='lat' dir='ltr'><strong>et</strong></span> <span class='ocrx_word' id='word_1_95' title='bbox 298 1483 427 1545; x_wconf 76' lang='lat' dir='ltr'><strong>Anchisa</strong></span> <span class='ocrx_word' id='word_1_96' title='bbox 446 1485 484 1544; x_wconf 86' lang='lat' dir='ltr'><strong>ait</strong></span> <span class='ocrx_word' id='word_1_97' title='bbox 499 1481 606 1544; x_wconf 82' lang='lat' dir='ltr'><strong>dietus.</strong></span> <span class='ocrx_word' id='word_1_98' title='bbox 647 1483 817 1544; x_wconf 68' lang='lat' dir='ltr'><strong>Priscianus</strong></span> <span class='ocrx_word' id='word_1_99' title='bbox 829 1483 879 1543; x_wconf 90' lang='lat' dir='ltr'><strong>lib.</strong></span> <span class='ocrx_word' id='word_1_100' title='bbox 894 1501 925 1543; x_wconf 81' lang='lat' dir='ltr'><strong>v.</strong></span> <span class='ocrx_word' id='word_1_101' title='bbox 948 1482 1043 1564; x_wconf 82' lang='lat' dir='ltr'><strong>Apud</strong></span> <span class='ocrx_word' id='word_1_102' title='bbox 1062 1481 1190 1547; x_wconf 83' lang='lat' dir='ltr'><strong>Graecos</strong></span> <span class='ocrx_word' id='word_1_103' title='bbox 1203 1490 1236 1548; x_wconf 88' lang='lat' dir='ltr'><strong>in</strong></span> 
     </span>
     <span class='ocr_line' id='line_1_13' title="bbox 139 1565 1238 1650; baseline 0.004 -22"><span class='ocrx_word' id='word_1_104' title='bbox 139 1578 189 1644; x_wconf 81' lang='grc' dir='ltr'><strong>Ας</strong></span> <span class='ocrx_word' id='word_1_105' title='bbox 203 1567 380 1640; x_wconf 81' lang='lat' dir='ltr'><strong>desinentis,</strong></span> <span class='ocrx_word' id='word_1_106' title='bbox 403 1565 484 1650; x_wconf 86' lang='lat' dir='ltr'><strong>opud</strong></span> <span class='ocrx_word' id='word_1_107' title='bbox 499 1590 552 1629; x_wconf 84' lang='lat' dir='ltr'><strong>nos</strong></span> <span class='ocrx_word' id='word_1_108' title='bbox 568 1568 599 1626; x_wconf 88' lang='lat' dir='ltr'><strong>in</strong></span> <span class='ocrx_word' id='word_1_109' title='bbox 612 1565 637 1625; x_wconf 82' lang='lat' dir='ltr'><strong>l</strong></span> <span class='ocrx_word' id='word_1_110' title='bbox 651 1569 855 1643; x_wconf 80' lang='lat' dir='ltr'><strong>terminontor3</strong></span> <span class='ocrx_word' id='word_1_111' title='bbox 877 1581 908 1627; x_wconf 83' lang='lat' dir='ltr'><strong>ut</strong></span> <span class='ocrx_word' id='word_1_112' title='bbox 924 1565 1088 1646; x_wconf 78' lang='grc' dir='ltr'><strong><em>Μαρσύας,</em></strong></span> <span class='ocrx_word' id='word_1_113' title='bbox 1111 1571 1238 1649; x_wconf 73' lang='grc' dir='ltr'><strong><em>Σωσίας,</em></strong></span> 
     </span>
     <span class='ocr_line' id='line_1_14' title="bbox 139 1646 1234 1735; baseline -0.005 -17"><span class='ocrx_word' id='word_1_114' title='bbox 139 1654 286 1735; x_wconf 70' lang='grc' dir='ltr'><strong>Βυρῤίας,</strong></span> <span class='ocrx_word' id='word_1_115' title='bbox 308 1652 445 1735; x_wconf 73' lang='grc' dir='ltr'><strong>Χαιρέας,</strong></span> <span class='ocrx_word' id='word_1_116' title='bbox 469 1653 604 1731; x_wconf 76' lang='grc' dir='ltr'><strong><em>Τουρίας,</em></strong></span> <span class='ocrx_word' id='word_1_117' title='bbox 626 1646 799 1731; x_wconf 70' lang='grc' dir='ltr'><strong><em>Βαγράδαςς</em></strong></span> <span class='ocrx_word' id='word_1_118' title='bbox 821 1650 956 1728; x_wconf 76' lang='lat' dir='ltr'><strong>Marsya,</strong></span> <span class='ocrx_word' id='word_1_119' title='bbox 977 1650 1075 1729; x_wconf 83' lang='lat' dir='ltr'><strong>Sosio,</strong></span> <span class='ocrx_word' id='word_1_120' title='bbox 1097 1651 1234 1735; x_wconf 79' lang='lat' dir='ltr'><strong>Byrrls&#39;o,</strong></span> 
     </span>
     <span class='ocr_line' id='line_1_15' title="bbox 141 1732 1236 1818; baseline -0.004 -21"><span class='ocrx_word' id='word_1_121' title='bbox 141 1735 284 1811; x_wconf 66' lang='lat' dir='ltr'><strong>Cinam,</strong></span> <span class='ocrx_word' id='word_1_122' title='bbox 310 1741 417 1811; x_wconf 80' lang='lat' dir='ltr'><strong>Turio,</strong></span> <span class='ocrx_word' id='word_1_123' title='bbox 439 1732 594 1817; x_wconf 77' lang='lat' dir='ltr'><strong>Bagrada.</strong></span> <span class='ocrx_word' id='word_1_124' title='bbox 638 1736 722 1796; x_wconf 84' lang='lat' dir='ltr'><strong>Libri</strong></span> <span class='ocrx_word' id='word_1_125' title='bbox 747 1744 844 1795; x_wconf 84' lang='lat' dir='ltr'><strong>autem</strong></span> <span class='ocrx_word' id='word_1_126' title='bbox 859 1755 900 1794; x_wconf 81' lang='lat' dir='ltr'><strong>vs.</strong></span> <span class='ocrx_word' id='word_1_127' title='bbox 916 1756 946 1815; x_wconf 86' lang='lat' dir='ltr'><strong>p.</strong></span> <span class='ocrx_word' id='word_1_128' title='bbox 962 1740 1023 1802; x_wconf 79' lang='lat'><strong>681</strong></span> <span class='ocrx_word' id='word_1_129' title='bbox 1039 1746 1068 1796; x_wconf 91' lang='lat' dir='ltr'><strong>et</strong></span> <span class='ocrx_word' id='word_1_130' title='bbox 1083 1742 1155 1803; x_wconf 84' lang='lat'><strong>701.</strong></span> <span class='ocrx_word' id='word_1_131' title='bbox 1173 1736 1236 1818; x_wconf 84' lang='lat' dir='ltr'><strong>ple.</strong></span> 
     </span>
     <span class='ocr_line' id='line_1_16' title="bbox 138 1818 1237 1908; baseline -0.001 -25"><span class='ocrx_word' id='word_1_132' title='bbox 138 1845 261 1904; x_wconf 76' lang='lat' dir='ltr'><strong>rumque</strong></span> <span class='ocrx_word' id='word_1_133' title='bbox 273 1823 314 1883; x_wconf 85' lang='lat' dir='ltr'><strong>sit</strong></span> <span class='ocrx_word' id='word_1_134' title='bbox 328 1834 357 1883; x_wconf 90' lang='lat' dir='ltr'><strong>et</strong></span> <span class='ocrx_word' id='word_1_135' title='bbox 369 1819 544 1908; x_wconf 73' lang='lat' dir='ltr'><strong>frequenter</strong></span> <span class='ocrx_word' id='word_1_136' title='bbox 563 1819 622 1879; x_wconf 87' lang='lat' dir='ltr'><strong>lroc</strong></span> <span class='ocrx_word' id='word_1_137' title='bbox 636 1819 701 1880; x_wconf 85' lang='lat' dir='ltr'><strong>lieri</strong></span> <span class='ocrx_word' id='word_1_138' title='bbox 723 1822 828 1880; x_wconf 87' lang='lat' dir='ltr'><strong>solere.</strong></span> <span class='ocrx_word' id='word_1_139' title='bbox 871 1820 910 1879; x_wconf 83' lang='lat' dir='ltr'><strong>Et</strong></span> <span class='ocrx_word' id='word_1_140' title='bbox 931 1818 978 1879; x_wconf 91' lang='lat' dir='ltr'><strong>his</strong></span> <span class='ocrx_word' id='word_1_141' title='bbox 989 1821 1122 1880; x_wconf 78' lang='lat' dir='ltr'><strong>fortassis</strong></span> <span class='ocrx_word' id='word_1_142' title='bbox 1136 1833 1237 1882; x_wconf 84' lang='lat' dir='ltr'><strong>oucto.</strong></span> 
     </span>
     <span class='ocr_line' id='line_1_17' title="bbox 136 1904 1236 1986; baseline -0.006 -18"><span class='ocrx_word' id='word_1_143' title='bbox 136 1908 225 1968; x_wconf 82' lang='lat' dir='ltr'><strong>ribus</strong></span> <span class='ocrx_word' id='word_1_144' title='bbox 238 1907 316 1967; x_wconf 87' lang='lat' dir='ltr'><strong>tueri</strong></span> <span class='ocrx_word' id='word_1_145' title='bbox 328 1928 359 1967; x_wconf 90' lang='lat' dir='ltr'><strong>so</strong></span> <span class='ocrx_word' id='word_1_146' title='bbox 374 1925 461 1986; x_wconf 90' lang='lat' dir='ltr'><strong>posse</strong></span> <span class='ocrx_word' id='word_1_147' title='bbox 476 1905 666 1979; x_wconf 84' lang='lat' dir='ltr'><strong>orbitrontur,</strong></span> <span class='ocrx_word' id='word_1_148' title='bbox 688 1904 739 1984; x_wconf 89' lang='lat' dir='ltr'><strong>qui</strong></span> <span class='ocrx_word' id='word_1_149' title='bbox 752 1926 769 1965; x_wconf 90' lang='lat' dir='ltr'><strong>e</strong></span> <span class='ocrx_word' id='word_1_150' title='bbox 783 1904 928 1965; x_wconf 88' lang='lat' dir='ltr'><strong>oontrnria</strong></span> <span class='ocrx_word' id='word_1_151' title='bbox 942 1912 1026 1983; x_wconf 84' lang='lat' dir='ltr'><strong>parte</strong></span> <span class='ocrx_word' id='word_1_152' title='bbox 1038 1904 1152 1968; x_wconf 87' lang='lat' dir='ltr'><strong>dicunt.</strong></span> <span class='ocrx_word' id='word_1_153' title='bbox 1180 1908 1236 1968; x_wconf 83' lang='lat' dir='ltr'><strong>tti.</strong></span> 
     </span>
     <span class='ocr_line' id='line_1_18' title="bbox 137 1987 1236 2071; baseline 0 -20"><span class='ocrx_word' id='word_1_154' title='bbox 137 1989 173 2052; x_wconf 88' lang='lat' dir='ltr'><strong>lri</strong></span> <span class='ocrx_word' id='word_1_155' title='bbox 187 2011 260 2052; x_wconf 80' lang='lat' dir='ltr'><strong>varo</strong></span> <span class='ocrx_word' id='word_1_156' title='bbox 276 1991 361 2071; x_wconf 76' lang='lat' dir='ltr'><strong>longe</strong></span> <span class='ocrx_word' id='word_1_157' title='bbox 373 1991 495 2051; x_wconf 82' lang='lat' dir='ltr'><strong>videtur</strong></span> <span class='ocrx_word' id='word_1_158' title='bbox 505 2009 605 2050; x_wconf 78' lang='lat' dir='ltr'><strong>secuse</strong></span> <span class='ocrx_word' id='word_1_159' title='bbox 626 1988 679 2049; x_wconf 87' lang='lat' dir='ltr'><strong>sad</strong></span> <span class='ocrx_word' id='word_1_160' title='bbox 698 1998 818 2067; x_wconf 80' lang='lat' dir='ltr'><strong>oportet</strong></span> <span class='ocrx_word' id='word_1_161' title='bbox 833 1987 914 2048; x_wconf 84' lang='lat' dir='ltr'><strong>lraud</strong></span> <span class='ocrx_word' id='word_1_162' title='bbox 926 1987 1027 2069; x_wconf 89' lang='lat' dir='ltr'><strong>jejune</strong></span> <span class='ocrx_word' id='word_1_163' title='bbox 1039 1989 1077 2051; x_wconf 90' lang='lat' dir='ltr'><strong>de</strong></span> <span class='ocrx_word' id='word_1_164' title='bbox 1091 1988 1148 2050; x_wconf 82' lang='lat' dir='ltr'><strong>hae</strong></span> <span class='ocrx_word' id='word_1_165' title='bbox 1163 2010 1236 2052; x_wconf 89' lang='lat' dir='ltr'><strong>cau-</strong></span> 
     </span>
     <span class='ocr_line' id='line_1_19' title="bbox 139 2072 1235 2156; baseline -0.005 -19"><span class='ocrx_word' id='word_1_166' title='bbox 139 2097 185 2154; x_wconf 87' lang='lat' dir='ltr'><strong>sa,</strong></span> <span class='ocrx_word' id='word_1_167' title='bbox 207 2086 236 2136; x_wconf 88' lang='lat' dir='ltr'><strong>ot</strong></span> <span class='ocrx_word' id='word_1_168' title='bbox 248 2085 389 2156; x_wconf 84' lang='lat' dir='ltr'><strong>tunquam</strong></span> <span class='ocrx_word' id='word_1_169' title='bbox 401 2075 433 2134; x_wconf 85' lang='lat' dir='ltr'><strong>in</strong></span> <span class='ocrx_word' id='word_1_170' title='bbox 445 2075 582 2142; x_wconf 79' lang='lat' dir='ltr'><strong>transitu,</strong></span> <span class='ocrx_word' id='word_1_171' title='bbox 604 2072 655 2133; x_wconf 89' lang='lat' dir='ltr'><strong>sed</strong></span> <span class='ocrx_word' id='word_1_172' title='bbox 671 2072 757 2151; x_wconf 88' lang='lat' dir='ltr'><strong>plone</strong></span> <span class='ocrx_word' id='word_1_173' title='bbox 774 2074 951 2152; x_wconf 80' lang='lat' dir='ltr'><strong>copioseque</strong></span> <span class='ocrx_word' id='word_1_174' title='bbox 968 2073 1129 2153; x_wconf 80' lang='lat' dir='ltr'><strong>disputato.</strong></span> <span class='ocrx_word' id='word_1_175' title='bbox 1151 2075 1235 2136; x_wconf 87' lang='lat' dir='ltr'><strong>Prin.</strong></span> 
     </span>
     <span class='ocr_line' id='line_1_20' title="bbox 138 2156 1236 2323; baseline -0.003 -16"><span class='ocrx_word' id='word_1_176' title='bbox 138 2156 1236 2323; x_wconf 63' lang='lat' dir='ltr'><strong>tltitttl:ttttltttttttitt?titiltltttttttl</strong></span> 
     </span>
     <span class='ocr_line' id='line_1_21' title="bbox 138 2305 1236 2413; baseline -0.002 -23"><span class='ocrx_word' id='word_1_177' title='bbox 138 2341 270 2413; x_wconf 88' lang='lat' dir='ltr'><strong>propter</strong></span> <span class='ocrx_word' id='word_1_178' title='bbox 284 2329 463 2410; x_wconf 87' lang='lat' dir='ltr'><strong>antiquitus,</strong></span> <span class='ocrx_word' id='word_1_179' title='bbox 486 2330 548 2388; x_wconf 82' lang='lat' dir='ltr'><strong>sive</strong></span> <span class='ocrx_word' id='word_1_180' title='bbox 565 2327 698 2386; x_wconf 85' lang='lat' dir='ltr'><strong>Graecus</strong></span> <span class='ocrx_word' id='word_1_181' title='bbox 716 2326 863 2405; x_wconf 84' lang='lat' dir='ltr'><strong>quispiam</strong></span> <span class='ocrx_word' id='word_1_182' title='bbox 885 2325 917 2384; x_wconf 89' lang='lat' dir='ltr'><strong>in</strong></span> <span class='ocrx_word' id='word_1_183' title='bbox 930 2325 1030 2385; x_wconf 74' lang='lat' dir='ltr'><strong>latino</strong></span> <span class='ocrx_word' id='word_1_184' title='bbox 1054 2305 1174 2388; x_wconf 82' lang='lat' dir='ltr'><strong>civitoto</strong></span> <span class='ocrx_word' id='word_1_185' title='bbox 1190 2329 1236 2388; x_wconf 84' lang='lat' dir='ltr'><strong>vi·</strong></span> 
     </span>
     <span class='ocr_line' id='line_1_22' title="bbox 138 2410 1236 2493; baseline -0.003 -17"><span class='ocrx_word' id='word_1_186' title='bbox 138 2426 234 2491; x_wconf 78' lang='lat' dir='ltr'><strong>voret,</strong></span> <span class='ocrx_word' id='word_1_187' title='bbox 256 2417 318 2475; x_wconf 83' lang='lat' dir='ltr'><strong>sivo</strong></span> <span class='ocrx_word' id='word_1_188' title='bbox 333 2416 445 2475; x_wconf 87' lang='lat' dir='ltr'><strong>Groeoa</strong></span> <span class='ocrx_word' id='word_1_189' title='bbox 459 2416 570 2493; x_wconf 84' lang='lat' dir='ltr'><strong>scripta</strong></span> <span class='ocrx_word' id='word_1_190' title='bbox 583 2412 613 2471; x_wconf 90' lang='lat' dir='ltr'><strong>in</strong></span> <span class='ocrx_word' id='word_1_191' title='bbox 627 2410 761 2470; x_wconf 84' lang='lat' dir='ltr'><strong>Latinum</strong></span> <span class='ocrx_word' id='word_1_192' title='bbox 782 2420 1034 2487; x_wconf 78' lang='lat' dir='ltr'><strong>converterentur,</strong></span> <span class='ocrx_word' id='word_1_193' title='bbox 1055 2412 1236 2490; x_wconf 81' lang='lat' dir='ltr'><strong>ejuscemodi</strong></span> 
     </span>
     <span class='ocr_line' id='line_1_23' title="bbox 137 2495 1330 2579; baseline 0 -20"><span class='ocrx_word' id='word_1_194' title='bbox 137 2500 260 2560; x_wconf 85' lang='lat' dir='ltr'><strong>nomina</strong></span> <span class='ocrx_word' id='word_1_195' title='bbox 274 2500 368 2579; x_wconf 74' lang='lat' dir='ltr'><strong>perd</strong></span> <span class='ocrx_word' id='word_1_196' title='bbox 385 2500 560 2578; x_wconf 85' lang='lat' dir='ltr'><strong>plerumque</strong></span> <span class='ocrx_word' id='word_1_197' title='bbox 577 2495 707 2556; x_wconf 86' lang='lat' dir='ltr'><strong>scribere</strong></span> <span class='ocrx_word' id='word_1_198' title='bbox 722 2504 753 2554; x_wconf 84' lang='lat' dir='ltr'><strong>et</strong></span> <span class='ocrx_word' id='word_1_199' title='bbox 763 2495 961 2573; x_wconf 74' lang='lat' dir='ltr'><strong>pronunciare</strong></span> <span class='ocrx_word' id='word_1_200' title='bbox 975 2496 1096 2576; x_wconf 82' lang='lat' dir='ltr'><strong>placuit.</strong></span> <span class='ocrx_word' id='word_1_201' title='bbox 1138 2497 1236 2577; x_wconf 77' lang='lat' dir='ltr'><strong>Atque</strong></span> <span class='ocrx_word' id='word_1_202' title='bbox 1253 2498 1279 2552; x_wconf 93' lang='grc'><strong>0</strong></span> <span class='ocrx_word' id='word_1_203' title='bbox 1295 2500 1330 2559; x_wconf 78' lang='lat'><strong>79</strong></span> 
     </span>
     <span class='ocr_line' id='line_1_24' title="bbox 137 2579 1236 2663; baseline 0 -20"><span class='ocrx_word' id='word_1_204' title='bbox 137 2580 200 2643; x_wconf 83' lang='lat' dir='ltr'><strong>lsoo</strong></span> <span class='ocrx_word' id='word_1_205' title='bbox 221 2582 341 2663; x_wconf 87' lang='lat' dir='ltr'><strong>quidem</strong></span> <span class='ocrx_word' id='word_1_206' title='bbox 358 2602 396 2643; x_wconf 82' lang='lat' dir='ltr'><strong>ox</strong></span> <span class='ocrx_word' id='word_1_207' title='bbox 411 2582 526 2660; x_wconf 81' lang='lat' dir='ltr'><strong>ingenio</strong></span> <span class='ocrx_word' id='word_1_208' title='bbox 545 2589 576 2639; x_wconf 92' lang='lat' dir='ltr'><strong>et</strong></span> <span class='ocrx_word' id='word_1_209' title='bbox 595 2579 806 2638; x_wconf 81' lang='lat' dir='ltr'><strong>cousuetudine</strong></span> <span class='ocrx_word' id='word_1_210' title='bbox 826 2579 942 2657; x_wconf 78' lang='lat' dir='ltr'><strong>linguoo</strong></span> <span class='ocrx_word' id='word_1_211' title='bbox 960 2582 1136 2640; x_wconf 80' lang='lat' dir='ltr'><strong>vernnoulae</strong></span> <span class='ocrx_word' id='word_1_212' title='bbox 1150 2581 1236 2644; x_wconf 84' lang='lat' dir='ltr'><strong>abiis</strong></span> 
     </span>
    </p>
   </div>
   <div class='ocr_carea' id='block_1_3' title="bbox 110 2745 1238 3405">
    <p class='ocr_par' dir='ltr' id='par_1_3' title="bbox 110 2745 1238 3405">
     <span class='ocr_line' id='line_1_25' title="bbox 137 2745 1236 2827; baseline -0.003 -15"><span class='ocrx_word' id='word_1_213' title='bbox 137 2752 250 2813; x_wconf 89' lang='lat' dir='ltr'><strong>tionem</strong></span> <span class='ocrx_word' id='word_1_214' title='bbox 270 2761 447 2825; x_wconf 77' lang='lat' dir='ltr'><strong>tenuerunt3</strong></span> <span class='ocrx_word' id='word_1_215' title='bbox 482 2749 626 2818; x_wconf 74' lang='lat' dir='ltr'><strong>Cineres,</strong></span> <span class='ocrx_word' id='word_1_216' title='bbox 656 2745 761 2821; x_wconf 86' lang='lat' dir='ltr'><strong>Sosio,</strong></span> <span class='ocrx_word' id='word_1_217' title='bbox 789 2746 932 2826; x_wconf 69' lang='lat' dir='ltr'><strong>Byrriio,</strong></span> <span class='ocrx_word' id='word_1_218' title='bbox 964 2747 1101 2825; x_wconf 77' lang='lat' dir='ltr'><strong>Pluuio,</strong></span> <span class='ocrx_word' id='word_1_219' title='bbox 1126 2747 1236 2827; x_wconf 78' lang='lat' dir='ltr'><strong>Clinia,</strong></span> 
     </span>
     <span class='ocr_line' id='line_1_26' title="bbox 137 2831 1236 2916; baseline -0.003 -19"><span class='ocrx_word' id='word_1_220' title='bbox 137 2837 265 2915; x_wconf 77' lang='lat' dir='ltr'><strong>Domo,</strong></span> <span class='ocrx_word' id='word_1_221' title='bbox 289 2833 450 2911; x_wconf 59' lang='lat' dir='ltr'><strong>Phoedrs‘m</strong></span> <span class='ocrx_word' id='word_1_222' title='bbox 471 2834 664 2916; x_wconf 77' lang='lat' dir='ltr'><strong>proterentes.</strong></span> <span class='ocrx_word' id='word_1_223' title='bbox 706 2831 851 2892; x_wconf 82' lang='lat' dir='ltr'><strong>Nimirum</strong></span> <span class='ocrx_word' id='word_1_224' title='bbox 872 2831 993 2890; x_wconf 85' lang='lat' dir='ltr'><strong>auribus</strong></span> <span class='ocrx_word' id='word_1_225' title='bbox 1014 2833 1097 2910; x_wconf 82' lang='lat' dir='ltr'><strong>vulgi</strong></span> <span class='ocrx_word' id='word_1_226' title='bbox 1110 2833 1166 2893; x_wconf 89' lang='lat' dir='ltr'><strong>ists</strong></span> <span class='ocrx_word' id='word_1_227' title='bbox 1179 2834 1236 2895; x_wconf 87' lang='lat' dir='ltr'><strong>ds-</strong></span> 
     </span>
     <span class='ocr_line' id='line_1_27' title="bbox 137 2900 1235 3000; baseline -0.004 -17"><span class='ocrx_word' id='word_1_228' title='bbox 137 2921 258 2986; x_wconf 83' lang='lat' dir='ltr'><strong>bantur.</strong></span> <span class='ocrx_word' id='word_1_229' title='bbox 301 2922 363 2982; x_wconf 84' lang='lat' dir='ltr'><strong>Nec</strong></span> <span class='ocrx_word' id='word_1_230' title='bbox 382 2931 478 2981; x_wconf 88' lang='lat' dir='ltr'><strong>tamen</strong></span> <span class='ocrx_word' id='word_1_231' title='bbox 501 2918 623 2978; x_wconf 83' lang='lat' dir='ltr'><strong>deerant</strong></span> <span class='ocrx_word' id='word_1_232' title='bbox 645 2914 732 2978; x_wconf 86' lang='lat' dir='ltr'><strong>etiam</strong></span> <span class='ocrx_word' id='word_1_233' title='bbox 753 2917 873 2996; x_wconf 82' lang='lat' dir='ltr'><strong>antiqua</strong></span> <span class='ocrx_word' id='word_1_234' title='bbox 894 2900 945 2976; x_wconf 86' lang='lat' dir='ltr'><strong>ills</strong></span> <span class='ocrx_word' id='word_1_235' title='bbox 960 2916 1118 2991; x_wconf 87' lang='lat' dir='ltr'><strong>memoria,</strong></span> <span class='ocrx_word' id='word_1_236' title='bbox 1139 2914 1235 3000; x_wconf 81' lang='lat' dir='ltr'><strong>(pnes</strong></span> 
     </span>
     <span class='ocr_line' id='line_1_28' title="bbox 139 3000 1236 3086; baseline -0.003 -20"><span class='ocrx_word' id='word_1_237' title='bbox 139 3006 318 3081; x_wconf 84' lang='lat' dir='ltr'><strong>Quintilisui</strong></span> <span class='ocrx_word' id='word_1_238' title='bbox 343 3000 489 3086; x_wconf 84' lang='lat' dir='ltr'><strong>dixerim)</strong></span> <span class='ocrx_word' id='word_1_239' title='bbox 512 3003 564 3083; x_wconf 89' lang='lat' dir='ltr'><strong>qui</strong></span> <span class='ocrx_word' id='word_1_240' title='bbox 584 3002 622 3063; x_wconf 85' lang='lat' dir='ltr'><strong>sd</strong></span> <span class='ocrx_word' id='word_1_241' title='bbox 651 3002 831 3061; x_wconf 86' lang='lat' dir='ltr'><strong>Grsecorum</strong></span> <span class='ocrx_word' id='word_1_242' title='bbox 857 3001 1026 3081; x_wconf 81' lang='lat' dir='ltr'><strong>exeosplum</strong></span> <span class='ocrx_word' id='word_1_243' title='bbox 1048 3002 1236 3063; x_wconf 75' lang='lat' dir='ltr'><strong>instituerent</strong></span> 
     </span>
     <span class='ocr_line' id='line_1_29' title="bbox 137 3084 1236 3170; baseline -0.004 -19"><span class='ocrx_word' id='word_1_244' title='bbox 137 3091 239 3170; x_wconf 90' lang='lat' dir='ltr'><strong>loqui:</strong></span> <span class='ocrx_word' id='word_1_245' title='bbox 267 3098 409 3170; x_wconf 82' lang='lat' dir='ltr'><strong>qusntum</strong></span> <span class='ocrx_word' id='word_1_246' title='bbox 427 3110 464 3150; x_wconf 86' lang='lat' dir='ltr'><strong>ex</strong></span> <span class='ocrx_word' id='word_1_247' title='bbox 478 3108 581 3149; x_wconf 89' lang='lat' dir='ltr'><strong>eorum</strong></span> <span class='ocrx_word' id='word_1_248' title='bbox 603 3084 736 3163; x_wconf 90' lang='lat' dir='ltr'><strong>reliquiis</strong></span> <span class='ocrx_word' id='word_1_249' title='bbox 761 3086 933 3165; x_wconf 83' lang='lat' dir='ltr'><strong>conjectura</strong></span> <span class='ocrx_word' id='word_1_250' title='bbox 952 3086 1094 3164; x_wconf 88' lang='lat' dir='ltr'><strong>consequi</strong></span> <span class='ocrx_word' id='word_1_251' title='bbox 1105 3106 1236 3166; x_wconf 89' lang='lat' dir='ltr'><strong>possum.</strong></span> 
     </span>
     <span class='ocr_line' id='line_1_30' title="bbox 110 3169 1237 3254; baseline -0.007 -15"><span class='ocrx_word' id='word_1_252' title='bbox 110 3234 112 3239; x_wconf 91' lang='lat'><em>.</em></span> <span class='ocrx_word' id='word_1_253' title='bbox 137 3176 229 3254; x_wconf 77' lang='lat' dir='ltr'><strong>Apud</strong></span> <span class='ocrx_word' id='word_1_254' title='bbox 253 3177 381 3236; x_wconf 87' lang='lat' dir='ltr'><strong>Gellium</strong></span> <span class='ocrx_word' id='word_1_255' title='bbox 397 3175 446 3235; x_wconf 89' lang='lat' dir='ltr'><strong>lib.</strong></span> <span class='ocrx_word' id='word_1_256' title='bbox 462 3179 491 3239; x_wconf 84' lang='grc'><strong>8.</strong></span> <span class='ocrx_word' id='word_1_257' title='bbox 511 3192 536 3233; x_wconf 88' lang='lat' dir='ltr'><strong>c.</strong></span> <span class='ocrx_word' id='word_1_258' title='bbox 551 3178 581 3237; x_wconf 87' lang='lat'><strong>7.</strong></span> <span class='ocrx_word' id='word_1_259' title='bbox 601 3169 690 3231; x_wconf 79' lang='lat' dir='ltr'><strong>rerba</strong></span> <span class='ocrx_word' id='word_1_260' title='bbox 712 3181 783 3231; x_wconf 88' lang='lat' dir='ltr'><strong>sunt</strong></span> <span class='ocrx_word' id='word_1_261' title='bbox 798 3169 915 3231; x_wconf 79' lang='lat' dir='ltr'><strong>Catonis</strong></span> <span class='ocrx_word' id='word_1_262' title='bbox 939 3170 1089 3245; x_wconf 74' lang='lat' dir='ltr'><strong>Censoris,</strong></span> <span class='ocrx_word' id='word_1_263' title='bbox 1111 3171 1180 3246; x_wconf 87' lang='lat' dir='ltr'><strong>qui,</strong></span> <span class='ocrx_word' id='word_1_264' title='bbox 1200 3191 1237 3231; x_wconf 84' lang='lat' dir='ltr'><strong>es</strong></span> 
     </span>
     <span class='ocr_line' id='line_1_31' title="bbox 138 3251 1238 3338; baseline -0.006 -18"><span class='ocrx_word' id='word_1_265' title='bbox 138 3268 314 3338; x_wconf 80' lang='lat' dir='ltr'><strong>tempestate</strong></span> <span class='ocrx_word' id='word_1_266' title='bbox 328 3261 360 3319; x_wconf 91' lang='lat' dir='ltr'><strong>in</strong></span> <span class='ocrx_word' id='word_1_267' title='bbox 376 3261 447 3338; x_wconf 87' lang='lat' dir='ltr'><strong>ltep.</strong></span> <span class='ocrx_word' id='word_1_268' title='bbox 464 3258 586 3330; x_wconf 87' lang='lat' dir='ltr'><strong>floruit,</strong></span> <span class='ocrx_word' id='word_1_269' title='bbox 613 3274 671 3335; x_wconf 87' lang='lat' dir='ltr'><strong>qus</strong></span> <span class='ocrx_word' id='word_1_270' title='bbox 689 3255 808 3317; x_wconf 82' lang='lat' dir='ltr'><strong>Plautus</strong></span> <span class='ocrx_word' id='word_1_271' title='bbox 821 3257 853 3315; x_wconf 93' lang='lat' dir='ltr'><strong>in</strong></span> <span class='ocrx_word' id='word_1_272' title='bbox 870 3274 972 3314; x_wconf 83' lang='lat' dir='ltr'><strong>sceno:</strong></span> <span class='ocrx_word' id='word_1_273' title='bbox 1001 3251 1154 3315; x_wconf 80' lang='lat' dir='ltr'><strong>Leonides</strong></span> <span class='ocrx_word' id='word_1_274' title='bbox 1165 3252 1238 3313; x_wconf 91' lang='lat' dir='ltr'><strong>Lo-</strong></span> 
     </span>
     <span class='ocr_line' id='line_1_32' title="bbox 139 3337 1237 3405; baseline -0.006 0"><span class='ocrx_word' id='word_1_275' title='bbox 139 3342 344 3405; x_wconf 82' lang='lat' dir='ltr'><strong>oadoemonius</strong></span> <span class='ocrx_word' id='word_1_276' title='bbox 364 3340 522 3404; x_wconf 83' lang='lat' dir='ltr'><strong>loudotrsr:</strong></span> <span class='ocrx_word' id='word_1_277' title='bbox 552 3342 657 3401; x_wconf 89' lang='lat' dir='ltr'><strong>Plauto</strong></span> <span class='ocrx_word' id='word_1_278' title='bbox 677 3347 773 3401; x_wconf 84' lang='lat' dir='ltr'><strong>tomen</strong></span> <span class='ocrx_word' id='word_1_279' title='bbox 795 3341 827 3400; x_wconf 93' lang='lat' dir='ltr'><strong>in</strong></span> <span class='ocrx_word' id='word_1_280' title='bbox 848 3339 981 3400; x_wconf 73' lang='lat' dir='ltr'><strong>Asinaria</strong></span> <span class='ocrx_word' id='word_1_281' title='bbox 1000 3358 1105 3399; x_wconf 84' lang='lat' dir='ltr'><strong>servos</strong></span> <span class='ocrx_word' id='word_1_282' title='bbox 1126 3337 1237 3398; x_wconf 86' lang='lat' dir='ltr'><strong>dieitur</strong></span> 
     </span>
    </p>
   </div>
   <div class='ocr_carea' id='block_1_4' title="bbox 138 3419 1237 3597">
    <p class='ocr_par' dir='ltr' id='par_1_4' title="bbox 138 3419 1237 3597">
     <span class='ocr_line' id='line_1_33' title="bbox 138 3419 1237 3507; baseline -0.003 -20"><span class='ocrx_word' id='word_1_283' title='bbox 138 3424 287 3488; x_wconf 82' lang='lat' dir='ltr'><strong>Leonida.</strong></span> <span class='ocrx_word' id='word_1_284' title='bbox 324 3427 467 3488; x_wconf 81' lang='lat' dir='ltr'><strong>Claudius</strong></span> <span class='ocrx_word' id='word_1_285' title='bbox 481 3425 696 3504; x_wconf 70' lang='lat' dir='ltr'><strong>Quadrigarius</strong></span> <span class='ocrx_word' id='word_1_286' title='bbox 711 3427 792 3507; x_wconf 89' lang='lat' dir='ltr'><strong>apud</strong></span> <span class='ocrx_word' id='word_1_287' title='bbox 807 3426 934 3485; x_wconf 87' lang='lat' dir='ltr'><strong>Gellium</strong></span> <span class='ocrx_word' id='word_1_288' title='bbox 950 3423 969 3483; x_wconf 88' lang='lat' dir='ltr'><strong>l.</strong></span> <span class='ocrx_word' id='word_1_289' title='bbox 984 3428 1012 3490; x_wconf 78' lang='grc'><strong>3.</strong></span> <span class='ocrx_word' id='word_1_290' title='bbox 1027 3444 1056 3490; x_wconf 85' lang='lat' dir='ltr'><strong>o.</strong></span> <span class='ocrx_word' id='word_1_291' title='bbox 1069 3428 1099 3489; x_wconf 87' lang='lat'><strong>8.</strong></span> <span class='ocrx_word' id='word_1_292' title='bbox 1111 3419 1171 3484; x_wconf 73' lang='lat' dir='ltr'><strong>Aa</strong></span> <span class='ocrx_word' id='word_1_293' title='bbox 1183 3443 1237 3485; x_wconf 87' lang='lat' dir='ltr'><strong>nos</strong></span> 
     </span>
     <span class='ocr_line' id='line_1_34' title="bbox 138 3508 1218 3597; baseline -0.005 -25"><span class='ocrx_word' id='word_1_294' title='bbox 138 3513 218 3573; x_wconf 77' lang='lat' dir='ltr'><strong>omit</strong></span> <span class='ocrx_word' id='word_1_295' title='bbox 231 3509 514 3597; x_wconf 84' lang='lat' dir='ltr'><strong>Nioioasosnils&#39;oris</strong></span> <span class='ocrx_word' id='word_1_296' title='bbox 526 3525 602 3574; x_wconf 79' lang='lat' dir='ltr'><strong>tuus.</strong></span> <span class='ocrx_word' id='word_1_297' title='bbox 644 3510 776 3571; x_wconf 83' lang='lat' dir='ltr'><strong>Lucilius</strong></span> <span class='ocrx_word' id='word_1_298' title='bbox 792 3508 874 3591; x_wconf 89' lang='lat' dir='ltr'><strong>apud</strong></span> <span class='ocrx_word' id='word_1_299' title='bbox 889 3509 1053 3568; x_wconf 82' lang='lat' dir='ltr'><strong>llouatums</strong></span> <span class='ocrx_word' id='word_1_300' title='bbox 1215 3544 1218 3553; x_wconf 87' lang='lat'><em>·</em></span> 
     </span>
    </p>
   </div>
   <div class='ocr_carea' id='block_1_5' title="bbox 303 3630 1052 3803">
    <p class='ocr_par' dir='ltr' id='par_1_5' title="bbox 303 3630 1052 3803">
     <span class='ocr_line' id='line_1_35' title="bbox 303 3630 1052 3721; baseline -0.007 -21"><span class='ocrx_word' id='word_1_301' title='bbox 303 3635 387 3700; x_wconf 80' lang='lat' dir='ltr'><strong>Ante</strong></span> <span class='ocrx_word' id='word_1_302' title='bbox 397 3633 486 3721; x_wconf 84' lang='lat' dir='ltr'><strong>fores</strong></span> <span class='ocrx_word' id='word_1_303' title='bbox 508 3651 604 3697; x_wconf 82' lang='lat' dir='ltr'><strong>autem</strong></span> <span class='ocrx_word' id='word_1_304' title='bbox 624 3649 652 3696; x_wconf 83' lang='lat' dir='ltr'><strong>et</strong></span> <span class='ocrx_word' id='word_1_305' title='bbox 672 3633 784 3698; x_wconf 84' lang='lat' dir='ltr'><strong>trsolsns</strong></span> <span class='ocrx_word' id='word_1_306' title='bbox 802 3632 907 3696; x_wconf 83' lang='lat' dir='ltr'><strong>lsmsno</strong></span> <span class='ocrx_word' id='word_1_307' title='bbox 928 3630 1052 3719; x_wconf 79' lang='lat' dir='ltr'><strong>quidum</strong></span> 
     </span>
     <span class='ocr_line' id='line_1_36' title="bbox 308 3717 1026 3803; baseline -0.011 -19"><span class='ocrx_word' id='word_1_308' title='bbox 308 3719 435 3784; x_wconf 82' lang='lat' dir='ltr'><strong>Perditu&#39;</strong></span> <span class='ocrx_word' id='word_1_309' title='bbox 463 3722 574 3781; x_wconf 78' lang='lat' dir='ltr'><strong>Tiresia</strong></span> <span class='ocrx_word' id='word_1_310' title='bbox 597 3722 669 3781; x_wconf 82' lang='lat' dir='ltr'><strong>tussi</strong></span> <span class='ocrx_word' id='word_1_311' title='bbox 686 3717 866 3803; x_wconf 76' lang='lat' dir='ltr'><strong>grnndoeus&#39;</strong></span> <span class='ocrx_word' id='word_1_312' title='bbox 885 3717 1026 3801; x_wconf 64' lang='lat' dir='ltr'><strong>gemela.</strong></span> 
     </span>
    </p>
   </div>
   <div class='ocr_carea' id='block_1_6' title="bbox 134 3842 1239 4438">
    <p class='ocr_par' dir='ltr' id='par_1_6' title="bbox 134 3842 1239 4438">
     <span class='ocr_line' id='line_1_37' title="bbox 138 3842 1237 3927; baseline -0.004 -19"><span class='ocrx_word' id='word_1_313' title='bbox 138 3847 200 3908; x_wconf 82' lang='lat' dir='ltr'><strong>libi</strong></span> <span class='ocrx_word' id='word_1_314' title='bbox 217 3846 376 3927; x_wconf 71' lang='lat' dir='ltr'><strong>legendum</strong></span> <span class='ocrx_word' id='word_1_315' title='bbox 394 3856 439 3908; x_wconf 84' lang='lat' dir='ltr'><strong>est</strong></span> <span class='ocrx_word' id='word_1_316' title='bbox 463 3848 605 3909; x_wconf 75' lang='lat' dir='ltr'><strong>Pir-esino.-</strong></span> <span class='ocrx_word' id='word_1_317' title='bbox 633 3847 690 3906; x_wconf 91' lang='lat' dir='ltr'><strong>nisi</strong></span> <span class='ocrx_word' id='word_1_318' title='bbox 706 3850 732 3908; x_wconf 89' lang='lat' dir='ltr'><strong>si</strong></span> <span class='ocrx_word' id='word_1_319' title='bbox 746 3843 891 3923; x_wconf 83' lang='lat' dir='ltr'><strong>syllabam</strong></span> <span class='ocrx_word' id='word_1_320' title='bbox 906 3853 1012 3905; x_wconf 88' lang='lat' dir='ltr'><strong>natura</strong></span> <span class='ocrx_word' id='word_1_321' title='bbox 1024 3842 1146 3904; x_wconf 80' lang='lat' dir='ltr'><strong>brevem</strong></span> <span class='ocrx_word' id='word_1_322' title='bbox 1162 3863 1237 3923; x_wconf 84' lang='lat' dir='ltr'><strong>pro·</strong></span> 
     </span>
     <span class='ocr_line' id='line_1_38' title="bbox 137 3924 1237 4015; baseline -0.006 -21"><span class='ocrx_word' id='word_1_323' title='bbox 137 3944 210 4015; x_wconf 79' lang='lat' dir='ltr'><strong>pter</strong></span> <span class='ocrx_word' id='word_1_324' title='bbox 229 3953 381 3993; x_wconf 82' lang='lat' dir='ltr'><strong>caesuram</strong></span> <span class='ocrx_word' id='word_1_325' title='bbox 403 3931 533 4012; x_wconf 82' lang='lat' dir='ltr'><strong>produci</strong></span> <span class='ocrx_word' id='word_1_326' title='bbox 552 3932 711 3994; x_wconf 85' lang='lat' dir='ltr'><strong>existimas.</strong></span> <span class='ocrx_word' id='word_1_327' title='bbox 753 3930 923 3991; x_wconf 86' lang='lat' dir='ltr'><strong>Priscianus</strong></span> <span class='ocrx_word' id='word_1_328' title='bbox 942 3929 994 3992; x_wconf 88' lang='lat' dir='ltr'><strong>lib.</strong></span> <span class='ocrx_word' id='word_1_329' title='bbox 1009 3948 1053 3989; x_wconf 82' lang='lat' dir='ltr'><strong>vs.</strong></span> <span class='ocrx_word' id='word_1_330' title='bbox 1077 3924 1141 3990; x_wconf 86' lang='lat' dir='ltr'><strong>Hio</strong></span> <span class='ocrx_word' id='word_1_331' title='bbox 1165 3924 1237 3989; x_wconf 70' lang='lat' dir='ltr'><strong>cat</strong></span> 
     </span>
     <span class='ocr_line' id='line_1_39' title="bbox 140 4011 1239 4100; baseline -0.007 -21"><span class='ocrx_word' id='word_1_332' title='bbox 140 4016 213 4079; x_wconf 78' lang='lat' dir='ltr'><strong>etos</strong></span> <span class='ocrx_word' id='word_1_333' title='bbox 228 4013 410 4091; x_wconf 77' lang='lat' dir='ltr'><strong>Gulolsontis,</strong></span> <span class='ocrx_word' id='word_1_334' title='bbox 428 4017 561 4100; x_wconf 78' lang='lat' dir='ltr'><strong>quumvis</strong></span> <span class='ocrx_word' id='word_1_335' title='bbox 574 4014 623 4077; x_wconf 83' lang='lat' dir='ltr'><strong>lrio</strong></span> <span class='ocrx_word' id='word_1_336' title='bbox 639 4014 765 4078; x_wconf 72' lang='lat' dir='ltr'><strong>Colchos</strong></span> <span class='ocrx_word' id='word_1_337' title='bbox 779 4013 864 4094; x_wconf 73' lang='lat' dir='ltr'><strong>liujus</strong></span> <span class='ocrx_word' id='word_1_338' title='bbox 881 4011 1017 4088; x_wconf 74' lang='lat' dir='ltr'><strong>Colchos,</strong></span> <span class='ocrx_word' id='word_1_339' title='bbox 1040 4011 1239 4094; x_wconf 73' lang='lat' dir='ltr'><strong>antiquissimi</strong></span> 
     </span>
     <span class='ocr_line' id='line_1_40' title="bbox 140 4098 1237 4178; baseline -0.005 -18"><span class='ocrx_word' id='word_1_340' title='bbox 140 4099 339 4162; x_wconf 77' lang='lat' dir='ltr'><strong>declinabant.</strong></span> <span class='ocrx_word' id='word_1_341' title='bbox 381 4102 439 4162; x_wconf 83' lang='lat' dir='ltr'><strong>Sed</strong></span> <span class='ocrx_word' id='word_1_342' title='bbox 454 4100 485 4160; x_wconf 88' lang='lat' dir='ltr'><strong>in</strong></span> <span class='ocrx_word' id='word_1_343' title='bbox 499 4098 545 4158; x_wconf 87' lang='lat' dir='ltr'><strong>lris</strong></span> <span class='ocrx_word' id='word_1_344' title='bbox 559 4100 632 4160; x_wconf 85' lang='lat' dir='ltr'><strong>loeis</strong></span> <span class='ocrx_word' id='word_1_345' title='bbox 645 4102 769 4160; x_wconf 86' lang='lat' dir='ltr'><strong>sortasse</strong></span> <span class='ocrx_word' id='word_1_346' title='bbox 779 4098 852 4159; x_wconf 79' lang='lat' dir='ltr'><strong>lidos</strong></span> <span class='ocrx_word' id='word_1_347' title='bbox 866 4098 1086 4178; x_wconf 81' lang='lat' dir='ltr'><strong>Exemplsrium</strong></span> <span class='ocrx_word' id='word_1_348' title='bbox 1099 4104 1237 4177; x_wconf 83' lang='lat' dir='ltr'><strong>suspects</strong></span> 
     </span>
     <span class='ocr_line' id='line_1_41' title="bbox 140 4180 1239 4266; baseline -0.005 -21"><span class='ocrx_word' id='word_1_349' title='bbox 140 4205 204 4245; x_wconf 88' lang='lat' dir='ltr'><strong>essa</strong></span> <span class='ocrx_word' id='word_1_350' title='bbox 216 4186 325 4266; x_wconf 84' lang='lat' dir='ltr'><strong>possit:</strong></span> <span class='ocrx_word' id='word_1_351' title='bbox 346 4187 377 4246; x_wconf 88' lang='lat' dir='ltr'><strong>in</strong></span> <span class='ocrx_word' id='word_1_352' title='bbox 392 4187 445 4247; x_wconf 90' lang='lat' dir='ltr'><strong>illo</strong></span> <span class='ocrx_word' id='word_1_353' title='bbox 467 4185 553 4246; x_wconf 86' lang='lat' dir='ltr'><strong>Plinii</strong></span> <span class='ocrx_word' id='word_1_354' title='bbox 568 4184 622 4246; x_wconf 83' lang='lat' dir='ltr'><strong>tib.</strong></span> <span class='ocrx_word' id='word_1_355' title='bbox 634 4205 731 4246; x_wconf 82' lang='lat' dir='ltr'>xxxv.</span> <span class='ocrx_word' id='word_1_356' title='bbox 744 4205 810 4265; x_wconf 90' lang='lat' dir='ltr'><strong>cap.</strong></span> <span class='ocrx_word' id='word_1_357' title='bbox 826 4204 857 4243; x_wconf 84' lang='lat' dir='ltr'><strong>x.</strong></span> <span class='ocrx_word' id='word_1_358' title='bbox 872 4183 975 4243; x_wconf 85' lang='lat' dir='ltr'><strong>nulius</strong></span> <span class='ocrx_word' id='word_1_359' title='bbox 993 4182 1082 4242; x_wconf 87' lang='lat' dir='ltr'><strong>datur</strong></span> <span class='ocrx_word' id='word_1_360' title='bbox 1093 4180 1239 4261; x_wconf 86' lang='lat' dir='ltr'><strong>auspicio·</strong></span> 
     </span>
     <span class='ocr_line' id='line_1_42' title="bbox 139 4264 1236 4351; baseline -0.005 -23"><span class='ocrx_word' id='word_1_361' title='bbox 139 4269 172 4329; x_wconf 88' lang='lat' dir='ltr'><strong>ni</strong></span> <span class='ocrx_word' id='word_1_362' title='bbox 185 4270 280 4329; x_wconf 81' lang='lat' dir='ltr'><strong>locus.</strong></span> <span class='ocrx_word' id='word_1_363' title='bbox 316 4270 407 4331; x_wconf 83' lang='lat' dir='ltr'><strong>Decet</strong></span> <span class='ocrx_word' id='word_1_364' title='bbox 422 4290 481 4330; x_wconf 83' lang='lat' dir='ltr'><strong>non</strong></span> <span class='ocrx_word' id='word_1_365' title='bbox 495 4266 575 4330; x_wconf 79' lang='lat' dir='ltr'><strong>sileri</strong></span> <span class='ocrx_word' id='word_1_366' title='bbox 586 4283 613 4328; x_wconf 80' lang='lat' dir='ltr'><strong>et</strong></span> <span class='ocrx_word' id='word_1_367' title='bbox 626 4266 770 4329; x_wconf 80' lang='lat' dir='ltr'><strong>Ardeatis</strong></span> <span class='ocrx_word' id='word_1_368' title='bbox 783 4265 884 4350; x_wconf 81' lang='lat' dir='ltr'><strong>templi</strong></span> <span class='ocrx_word' id='word_1_369' title='bbox 896 4269 1047 4351; x_wconf 75' lang='lat' dir='ltr'><strong>picturari,</strong></span> <span class='ocrx_word' id='word_1_370' title='bbox 1067 4264 1236 4347; x_wconf 79' lang='lat' dir='ltr'><strong>praesertim</strong></span> 
     </span>
     <span class='ocr_line' id='line_1_43' title="bbox 134 4347 1238 4438; baseline -0.007 -24"><span class='ocrx_word' id='word_1_371' title='bbox 134 4353 260 4414; x_wconf 79' lang='lat' dir='ltr'><strong>&#39;sinitote</strong></span> <span class='ocrx_word' id='word_1_372' title='bbox 277 4351 420 4417; x_wconf 80' lang='lat' dir='ltr'><strong>donatum</strong></span> <span class='ocrx_word' id='word_1_373' title='bbox 436 4352 480 4415; x_wconf 74' lang='lat' dir='ltr'><strong>iti</strong></span> <span class='ocrx_word' id='word_1_374' title='bbox 493 4367 521 4414; x_wconf 84' lang='lat' dir='ltr'><strong>et</strong></span> <span class='ocrx_word' id='word_1_375' title='bbox 532 4355 678 4435; x_wconf 80' lang='lat' dir='ltr'><strong>oorsnins,</strong></span> <span class='ocrx_word' id='word_1_376' title='bbox 700 4350 782 4438; x_wconf 76' lang='lat' dir='ltr'><strong>qood</strong></span> <span class='ocrx_word' id='word_1_377' title='bbox 802 4366 844 4414; x_wconf 83' lang='lat' dir='ltr'><strong>est</strong></span> <span class='ocrx_word' id='word_1_378' title='bbox 861 4354 892 4413; x_wconf 86' lang='lat' dir='ltr'><strong>in</strong></span> <span class='ocrx_word' id='word_1_379' title='bbox 906 4354 971 4435; x_wconf 85' lang='lat' dir='ltr'><strong>ipso</strong></span> <span class='ocrx_word' id='word_1_380' title='bbox 980 4352 1099 4433; x_wconf 78' lang='lat' dir='ltr'><strong>piotsro</strong></span> <span class='ocrx_word' id='word_1_381' title='bbox 1114 4347 1161 4408; x_wconf 74' lang='lat' dir='ltr'><strong>dis</strong></span> <span class='ocrx_word' id='word_1_382' title='bbox 1177 4368 1238 4407; x_wconf 81' lang='lat' dir='ltr'><strong>uer·</strong></span> 
     </span>
    </p>
   </div>
   <div class='ocr_carea' id='block_1_7' title="bbox 136 4435 238 4499">
    <p class='ocr_par' dir='ltr' id='par_1_7' title="bbox 136 4435 238 4499">
     <span class='ocr_line' id='line_1_44' title="bbox 136 4435 238 4499; baseline -0.02 0"><span class='ocrx_word' id='word_1_383' title='bbox 136 4435 238 4499; x_wconf 51' lang='lat' dir='ltr'><strong>¹siinss</strong></span> 
     </span>
    </p>
   </div>
   <div class='ocr_carea' id='block_1_8' title="bbox 0 0 1472 4996">
    <p class='ocr_par' dir='ltr' id='par_1_8' title="bbox 0 0 1472 4996">
     <span class='ocr_line' id='line_1_45' title="bbox 0 0 1472 4996; baseline 0 0"><span class='ocrx_word' id='word_1_384' title='bbox 0 0 1472 4996; x_wconf 95' lang='lat' dir='ltr'><strong> </strong></span> 
     </span>
    </p>
   </div>
  </div>
 </body>
</html>
