2912 5000
518 432 742 508 EPISTOI'A·
1096 442 1171 518 697

250 609 314 677 Καὶ
325 608 507 698 mpode'rpp
519 615 632 716 repedet

89 781 133 842 lte
145 693 848 843 iocumolruirteodinodddiiffoirmddtwtiddtidd
856 705 1170 863 iffiffldffm·
1184 786 1212 841 0
1227 782 1264 843 rt

89 866 213 927 moediir
226 874 257 926 et
269 865 428 945 tragoediie
442 865 571 926 Greecie.
615 864 707 946 Cujue
723 864 909 927 eutoritetern
924 866 1174 946 cantabrigienses

88 951 119 1010 in
134 950 295 1011 noeierirne
307 948 464 1030 Porphyrii
478 950 615 1012 Editiono
625 948 729 1011 eecuti
746 961 825 1013 eunt.
866 948 959 1028 „Hoc
978 952 1175 1031 fragmentum

87 1034 241 1115 Euripidi·
260 1034 371 1114 (verbe
386 1043 456 1094 runt
466 1032 585 1116 ¹(irotii)
606 1033 640 1098 ie
654 1031 758 1108 literni
771 1043 872 1096 extere
891 1034 966 1094 dicit
978 1036 1119 1114 Erotion,
1138 1046 1176 1100 ut

90 1118 212 1199 quidem
229 1138 309 1180 nunc
321 1118 437 1197 legitor.
478 1118 518 1179 At
529 1138 569 1180 ex
581 1115 767 1181 omrem
780 1119 869 1180 troile
880 1118 1072 1199 intelligitur,
1092 1121 1176 1201 quod

89 1204 182 1263 verbe
198 1213 268 1264 eunt
284 1201 366 1264 chori
379 1201 417 1263 ed
430 1202 564 1264 Minoe.“
604 1201 664 1262 sed
678 1202 789 1264 merie
804 1203 835 1264 in
850 1202 960 1265 reteri
979 1204 1174 1284 gravioribus,

90 1289 217 1367 opinor,
238 1286 343 1347 etudiie
355 1289 485 1349 intentur
498 1289 546 1348 eir
562 1306 653 1368 eupre
671 1287 920 1367 comperetiouem
941 1296 1030 1368 etque
1044 1291 1175 1351 aemule-

88 1373 201 1433 tionem
220 1382 350 1433 oortrenr
375 1371 545 1452 longiuinre
565 1373 691 1454 ponitur.
740 1371 814 1432 Cum
835 1371 912 1432 enim
933 1372 963 1432 in
986 1372 1113 1449 cnam,
1139 1383 1176 1436 nt

84 1457 147 1538 jem
162 1453 270 1533 docui,
291 1459 415 1532 Atreus,
436 1466 467 1518 et
481 1459 597 1539 Aerope
607 1457 783 1537 loquentnr;
804 1475 891 1518 eoene
907 1465 1005 1519 eutem
1023 1456 1087 1519 eine
1102 1477 1176 1519 cou-
1223 1528 1226 1532 ,

87 1539 235 1601 trovereie
250 1542 290 1602 eit
305 1543 416 1619 Argoer
436 1540 490 1602 vix
507 1549 560 1604 eut
574 1541 658 1603 nulio
676 1539 767 1602 modo
782 1549 842 1618 eet,
863 1551 899 1601 ut
906 1538 982 1601 heco
995 1539 1176 1622 Porphyriu-

86 1645 127 1686 ne
150 1645 192 1705 ex,
208 1624 310 1687 eodem
332 1626 464 1686 dretnete
481 1624 573 1705 petite
590 1624 757 1687 rideentur.
799 1623 891 1699 Quod
908 1625 933 1685 ei
947 1624 1026 1701 rint,
1046 1624 1177 1687 demiror

87 1707 230 1789 equidem
244 1710 342 1770 curin
357 1710 443 1769 Crete
456 1709 552 1771 Minoe
567 1729 636 1770 cum
653 1707 701 1771 hie
721 1708 925 1771 eecerdotibue
946 1729 1110 1773 armonem
1128 1711 1178 1771 in·

87 1794 205 1855 etituet.
250 1794 334 1867 Qure
353 1795 430 1855 enim
448 1792 505 1855 hee
523 1792 719 1877 preeetigioei
748 1793 926 1875 quibuenem
944 1792 1088 1857 mechinie
1102 1793 1178 1858 heeo

87 1874 156 1941 eie·
171 1876 224 1941 zui
236 1871 340 1941 adro?
359 1877 508 1940 Eedemne
520 1878 552 1939 in
566 1877 667 1940 tabule
679 1888 742 1939 tem
757 1879 869 1941 elienor
882 1877 1045 1941 hirtonoei
1065 1879 1180 1962 duplex

87 1982 128 2025 ue
148 1982 253 2038 rcere,
274 1970 303 2022 et
325 1961 457 2042 genten
477 1960 606 2024 ohornr't
629 1960 718 2023 Modo
739 1962 856 2025 Cretem
876 1973 1043 2043 epectemue
1087 1963 1179 2026 modo

85 2046 202 2126 regiem
220 2044 326 2109 tout
344 2045 436 2108 modo
457 2046 568 2109 choree
585 2045 697 2124 virilie,
718 2045 849 2127 Myrtoo,
869 2045 1008 2126 iriquum,
1027 2009 1109 2108 ideei
1130 2049 1181 2109 Jo-

86 2132 155 2206 rie,
176 2130 267 2192 modo
280 2149 354 2209 grex
376 2131 571 2193 foeminnrum
591 2129 629 2193 ed
645 2139 748 2213 perte·
761 2129 884 2193 venieti
904 2130 977 2192 Inde
992 2131 1069 2192 enirn
1080 2128 1182 2193 sebui·

87 2218 232 2297 Κρῆσσαι
243 2234 350 2275 nomen
364 2217 496 2296 occepit,
517 2215 599 2297 quod
608 2217 639 2278 in
654 2236 688 2277 ee
705 2213 815 2276 chorur
834 2215 875 2276 eit
886 2216 1046 2276 mulierum
1061 2216 1182 2278 Creten·

87 2300 185 2377 dum,
205 2299 341 2361 videlicet
359 2319 434 2380 queo
456 2303 600 2381 Aeropem
621 2319 639 2361 o
657 2301 744 2363 Croto
759 2299 915 2363 comitetee
932 2308 1010 2362 runt.
1051 2299 1183 2362 Similem

87 2384 131 2447 ob
155 2403 274 2445 ceueem
299 2385 473 2460 Φοίνισσαι,
503 2379 657 2469 Tpodder,
688 2386 857 2465 Τραχίνιαι,
884 2384 959 2444 ntiee
978 2384 1053 2446 bene
1073 2385 1184 2447 multoe

86 2468 154 2531 etde
164 2467 318 2530 vocubulis
328 2468 527 2532 nominantur.
569 2470 631 2530 Neo
650 2477 765 2542 temen,
784 2468 867 2549 quod
881 2467 991 2530 choro
1006 2470 1046 2531 eit
1062 2471 1184 2532 Creten·

86 2553 185 2628 rium,
207 2551 321 2625 idcirco
333 2574 453 2615 necem
466 2564 528 2629 eet,
548 2564 584 2614 ut
606 2554 638 2614 in
661 2554 748 2613 Crete
771 2573 859 2615 ecene
872 2553 912 2615 eit
924 2553 1041 2635 poeiter
1063 2554 1183 2635 quando

87 2647 122 2700 et
141 2636 179 2698 iu·
195 2635 364 2700 Phoenieeie
380 2658 427 2701 ree
446 2637 558 2700 Thebis
580 2647 726 2717 eguntur;
743 2636 868 2700 chorum
883 2648 983 2699 temen
996 2639 1185 2701 conruerunt

86 2721 232 2797 molietur
253 2722 376 2801 Tyrieez
405 2715 516 2806 tueor
544 2717 634 2804 οἶδμα
653 2717 775 2786 λικοῦσ’
796 2723 871 2805 idere
890 2722 1063 2804 rnorem
1085 2724 1185 2810 Λοξίᾳ

89 2805 261 2881 Φοινίσσας
280 2799 342 2871 tired
363 2799 469 2871 νάσου.
512 2806 573 2867 Sed
592 2806 665 2888 quid
685 2804 935 2887 tergiversamur?
957 2804 1072 2867 Scirone
1091 2808 1184 2869 Aero-

87 2910 152 2974 peu
167 2890 268 2953 (introi
280 2890 370 2952 suieee
382 2882 496 2966 irliem,
515 2890 622 2952 Minoi·
636 2900 773 2971 neptem:
794 2899 825 2952 et
839 2910 899 2973 quo
919 2897 1053 2971 tempore
1065 2912 1112 2954 rer
1127 2890 1185 2954 beo

87 2984 360 3051 trenrecteeeunt,
378 2973 440 3056 jem
453 2975 508 3038 diu
525 2975 635 3037 liberor
656 2976 832 3056 eurcepieee.
881 2974 1032 3055 Siquidem
1056 2978 1186 3055 Agente-

86 3066 233 3123 euuonedr
257 3060 463 3121 etMeneleunr
483 3061 562 3142 petri
584 3061 677 3124 tuine
699 3060 834 3120 conecior
850 3070 1096 3136 commemorent,
1118 3080 1186 3122 cum

88 3163 218 3205 coenem
233 3143 314 3205 illem
328 3143 447 3206 teretem
461 3145 609 3225 Thyesteo
632 3154 806 3228 opponeret.
847 3143 916 3205 Non
937 3164 1008 3222 ergo
1027 3143 1066 3206 de
1086 3144 1186 3207 Minoe

86 3249 209 3311 proevo
220 3227 309 3308 longe
322 3228 469 3290 dubitetio
490 3239 551 3304 eet,
572 3231 644 3310 quin
665 3250 682 3291 e
702 3249 826 3290 numero
838 3231 977 3289 vivorum
988 3227 1104 3310 pridem
1117 3238 1186 3291 ente

88 3311 262 3377 excurerit
303 3313 366 3373 lmo
381 3332 485 3374 verce
501 3313 618 3375 iiiiobue
631 3314 733 3375 coceii
752 3312 918 3375 trucidetur
932 3321 994 3373 eet:
1016 3313 1043 3372 ei
1057 3313 1183 3374 Eurebio

87 3396 184 3473 tideo,
205 3397 289 3476 prior
303 3397 420 3477 circiter
438 3397 581 3475 trienni03
601 3398 654 3458 eod
673 3399 838 3460 secundum
858 3397 1074 3461 exectireimem
1093 3400 1185 3459 retio-

88 3499 163 3542 uem
176 3481 316 3541 Gulielmi
329 3480 438 3543 Ltoidii
449 3481 592 3562 Epircopi
605 3480 802 3564 Arapheneir,

257 3562 390 3645 Avdpde,
412 3562 449 3630 tr
461 3560 530 3630 οὔτ’
544 3565 642 3631 αἰνεῖν
651 3573 728 3633 τοῖσι
741 3571 861 3631 κακοῖσι
872 3562 977 3645 θέμις,
1198 3584 1225 3640 0
1240 3586 1276 3643 25

88 3656 164 3711 eut·
177 3645 263 3706 enni·
274 3648 376 3708 cotidie
388 3660 516 3728 quotuor
529 3661 558 3711 ct
568 3651 688 3731 viginti,
709 3671 796 3731 quern
819 3651 926 3709 Atreus
940 3665 1064 3726 regnum
1079 3667 1186 3729 ceper-

87 3741 183 3795 eerct.
227 3729 323 3804 Quem
339 3731 378 3790 ob
395 3753 458 3793 rern
470 3732 553 3793 heud
570 3735 658 3795 ieciie
676 3735 791 3815 petior,
813 3742 848 3793 ut
866 3742 1009 3811 corrupte
1026 3731 1077 3792 itte
1095 3735 1186 3794 verbe

86 3814 230 3883 Erotium
253 3810 419 3896 Εὐριπίδης
444 3816 478 3881 ἐν
500 3817 602 3879 merui
628 3820 719 3893 megin
739 3815 890 3896 credeque
910 3837 929 3873 o
950 3814 1055 3877 Grotio
1076 3816 1187 3898 depre-

85 3910 236 3964 venture'
252 3920 319 3978 eeu,
341 3900 423 3980 quod
439 3899 476 3962 ed
492 3901 642 3978 vulgatum
662 3901 818 3961 lectionem
836 3900 971 3980 proxime
984 3899 1115 3978 eccedit,
1135 3922 1189 3961 uu·

87 3997 162 4049 etot
185 4004 251 4046 cete
266 3983 378 4064 turim,
405 3993 440 4045 ut
460 3983 585 4065 porthec
604 3984 637 4048 dv
657 3987 790 4048 ΚΡΗΣΙ
808 3984 985 4065 corrigetur.
1027 3985 1071 4045 lte
1090 3993 1188 4045 totum

87 4071 151 4131 erit
172 4068 301 4149 eirnpiex
321 4079 353 4131 et
374 4088 483 4147 unum,
504 4070 602 4129 onrnie
620 4068 679 4129 eibi
698 4068 890 4143 conetnburrt,
918 4069 1052 4149 belloque
1075 4088 1189 4129 conre-

86 4155 196 4216 nient:
217 4154 330 4228 Minoe,
352 4151 463 4214 cirorue
485 4153 664 4233 digitorum,
690 4152 850 4234 Peripiree,
868 4155 981 4221 icerur,
1022 4152 1091 4212 Non
1113 4171 1189 4230 opue

88 4237 154 4299 erit
166 4231 300 4301 eteidew
315 4233 353 4300 rei
367 4231 567 4321 eriperem«.
610 4240 731 4316 flectet,
750 4248 786 4298 ut
806 4239 844 4302 de
862 4240 922 4300 loci
943 4237 1034 4318 huju·
1050 4233 1190 4315 Porphy-

24 4334 26 4341 “
87 4320 172 4382 rieni
188 4320 273 4381 rnirie
292 4322 412 4402 quidem
433 4322 529 4383 nrodie
551 4322 685 4386 needed
706 4324 833 4388 tectione
847 4333 983 4387 uccurote
1001 4320 1189 4401 quantumin

25 4410 27 4421 '
87 4405 183 4469 nobie
198 4415 258 4483 eet,
275 4414 306 4469 et
319 4407 466 4489 exquirite
477 4408 676 4490 disputemue:
